1856 2653
242 195 325 236 DE
362 195 530 237 MoTv
562 194 720 237 coRP.
751 192 837 236 AD
871 192 996 235 Dvo
1030 192 1203 235 CENT.
1277 207 1360 245 15⁸

113 313 283 353 demum
317 310 591 363 quantitatum
623 306 883 349 variabilium
919 304 1145 346 multitudo
1177 315 1217 345 et
1251 320 1366 348 com-

115 373 280 429 plicatio
329 375 402 415 vix
450 373 579 414 vllam
628 372 738 425 spem
788 372 834 411 ad
891 382 1034 410 carum
1077 370 1363 422 separationem

109 437 360 492 pertingendi
409 435 603 487 relinquit
624 466 635 486 ,
687 436 791 476 vnde
825 434 976 474 lineam
1009 445 1179 474 curnam
1216 446 1237 473 a
1271 447 1362 475 cor-

109 515 207 557 pore
239 501 475 553 descriptam
509 499 696 551 affigmxre
730 497 882 539 liceret.

250 613 288 643 2,
323 598 430 641 Cum
464 606 601 637 autem
636 597 791 650 semper
839 595 1081 648 cuiusquam
1134 594 1366 648 problema-

107 661 158 702 tis
179 693 190 713 ,
238 663 344 716 quod
399 675 419 702 a
462 661 633 701 summis
669 660 837 712 ingeniis
871 660 1011 700 frustra
1044 660 1098 700 cst
1131 667 1331 699 tentatum
1353 692 1365 712 ,

103 725 252 766 solutio
288 724 460 766 maximi
494 725 548 765 est
582 724 780 765 momenti
810 755 821 773 ‚
856 732 946 764 tum
982 733 1080 762 vero
1113 719 1208 761 haec
1241 735 1365 775 quae-

105 789 180 829 stio
212 789 259 830 ad
292 802 382 829 eam
419 787 638 839 Analyscos
668 797 824 840 partem
855 786 1029 838 pertinet
1050 815 1061 834 ‚
1112 796 1163 824 ex
1193 797 1271 838 qua
1305 787 1366 828 so-

101 848 141 891 la
190 866 296 894 nunc
358 852 523 905 quidem
581 850 717 889 omnia
773 847 1056 890 Astronomiae
1115 847 1363 889 incrementa

98 915 192 956 sunt
223 914 486 969 expectanda3
519 925 641 967 quam
674 912 723 953 ob
754 913 937 963 causam,
971 910 1218 953 solutionem
1250 914 1363 955 istius

101 979 338 1031 quaestionis
370 990 419 1018 eo
451 975 717 1017 confidentius
750 977 895 1017 iactare
928 987 1009 1016 non
1045 975 1185 1016 dubito
1204 1007 1216 1027 ‚
1250 977 1361 1028 quod

101 1042 150 1081 ad
200 1054 288 1082 eam
339 1039 494 1082 nonnisi
552 1040 797 1092 grauiffimis
852 1037 1154 1093 impedimentis
1186 1041 1363 1080 remotis

104 1105 265 1145 tandem
297 1102 408 1143 mihi
441 1104 606 1155 quidem
641 1113 846 1155 penetrare
884 1104 1112 1150 contigerit.
1181 1102 1361 1143 Minime

99 1167 222 1207 etiam
254 1167 308 1206 est
340 1165 608 1205 dubitandum
629 1193 640 1213 ,
672 1165 772 1217 quin
805 1164 976 1203 artificia
1011 1162 1231 1215 analytica,
1266 1167 1361 1218 qui-

104 1229 175 1270 bus
208 1230 250 1269 in
283 1231 361 1272 hoc
397 1227 574 1277 negotio
594 1227 684 1266 sum
719 1226 830 1274 vsus,
861 1228 907 1266 ad
938 1224 1222 1267 enodationem
1256 1228 1363 1270 alio·

102 1303 199 1331 rum
229 1289 529 1342 problematum
563 1286 685 1326 huius
723 1286 909 1336 generis,
968 1286 1206 1339 plurimum
1255 1289 1358 1332 lucis

100 1352 177 1395 fint
209 1351 391 1393 allatura.

253 1460 292 1497 3.
328 1449 548 1493 Confidero
581 1447 711 1498 igitur
743 1449 827 1489 duo
859 1457 994 1490 centra
1028 1449 1185 1492 virium
1208 1482 1219 1503 ‚
1252 1452 1362 1507 quo-'

101 1526 198 1555 rum
232 1524 458 1567 Vtrumque
489 1509 665 1551 attrahat
701 1510 742 1549 in
775 1511 926 1552 ratione
957 1513 1160 1566 duplicata
1210 1516 1357 1558 distan-

102 1577 179 1616 tiae
226 1579 460 1630 reciproca,
512 1573 834 1628 quandoquidem
885 1574 985 1615 aliae
1038 1578 1194 1617 virium
1228 1588 1356 1622 attra-

101 1638 292 1679 hentium
327 1637 567 1693 hypotheses
600 1638 714 1678 omni
762 1638 831 1677 vsu
882 1638 1182 1681 destituuntur:
1233 1655 1275 1682 ac
1323 1644 1354 1685 fi

99 1714 245 1756 corpus
278 1704 498 1757 quodpiam
533 1701 654 1742 initio
686 1710 892 1755 vtcunque
925 1703 1048 1744 fuerit
1090 1706 1320 1758 proiec‘tum
1342 1739 1354 1760 ,

100 1768 186 1807 eius
218 1776 379 1807 motum
415 1767 657 1807 'secuturum
708 1765 899 1818 viamque
950 1767 992 1806 in
1042 1780 1120 1820 qua
1167 1770 1356 1824 incedet,

99 1830 338 1882 inuestigare
371 1831 567 1871 constitui.
647 1829 726 1868 Hic
760 1829 924 1883 quidem
960 1829 1146 1883 primum
1184 1833 1354 1876 obseruo

97 1893 128 1935 fi
178 1903 315 1934 motus
364 1894 532 1935 directio
582 1891 702 1933 semel
753 1895 875 1934 fuerit
928 1905 1026 1934 cum
1059 1894 1162 1935 binis
1193 1899 1352 1940 virium

99 1956 247 2000 centris
281 1958 323 1997 in
357 1958 495 1999 eodem
530 1956 649 2011 plano
670 1987 680 2007 ,
713 1957 953 1999 vniuersum
990 1967 1174 2011 motum,
1207 1961 1247 2002 in
1282 1975 1354 2002 eo-

101 2021 192 2063 dem
229 2020 349 2074 plano
381 2020 605 2063 absolutum
643 2021 707 2063 iri.
788 2023 926 2077 Atque
956 2020 1066 2065 hunc
1099 2025 1231 2066 casum
1267 2026 1351 2064 iam

103 2102 107 2108 ν
139 2083 496 2130 “rom.x1.Nou.
509 2085 674 2130 Comm.
803 2112 805 2114 -
880 2085 921 2125 V
1196 2087 1351 2142 aliquot
