1856 2653
309 193 947 245 METEOROLOGICARVM
986 199 1034 240 A.
1079 203 1213 249 1762.
1312 209 1393 251 381

290 312 555 358 Grandinauit
589 323 676 354 toto
708 326 812 353 anno
844 314 1069 367 quinquie&
1134 312 1270 353 Mense
1290 315 1400 358 Maio

141 378 261 420 semel
296 383 329 421 d.
372 385 440 419 16.
477 380 588 422 Iulio
621 387 714 431 ter,
770 379 809 420 d.
845 390 886 428 3.
928 391 996 419 12.
1036 389 1109 428 23.
1144 377 1310 419 oetobti
1337 382 1400 420 ‘se-

145 443 227 483 mel
259 455 295 484 u.
334 452 375 485 6.

289 518 489 560 'tonitrua
542 517 608 559 vel
659 518 908 571 tempestates
960 516 1176 558 fulmineae
1213 527 1254 566 7.
1293 517 1403 557 fuere

141 582 266 623 lunio
302 594 325 631 3
362 593 401 623 et
434 581 542 623 Iulio
577 595 620 632 4.
655 594 797 624 omues
831 582 1036 634 mitiores,
1067 594 1168 636 quae
1202 593 1283 623 non
1307 592 1403 635 pro·

144 658 193 700 pe
227 647 274 688 ad
307 659 377 688 nos
411 645 658 707 aqceffer1111t.

295 725 411 780 Aqua
467 724 648 767 fluminis
698 724 819 767 altior
870 726 984 769 solita
1037 725 1149 776 Aug.
1194 734 1223 772 9
1256 728 1297 762 et
1335 733 1402 762 10.

142 787 235 830 Οᾶ.
271 801 341 838 24.
382 795 451 831 28.
490 803 559 839 29·
597 789 710 830 Nov.
746 804 773 839 9
808 799 849 830 et
884 800 953 830 10.
1010 788 1198 830 Maxima
1232 784 1405 830 altitudo

143 851 320 907 amplius
355 863 433 893 tres
463 854 577 894 vlnas
610 852 769 893 rufficas
801 852 1038 894 continebat.

291 932 477 974 Aurorae
519 931 696 974 boreales
732 938 804 974 18.
855 932 1162 974 obseruabantur
1214 926 1406 984 (vestigiis

149 1007 230 1037 non
264 994 530 1050 numeratis),
567 998 671 1037 inter
705 1009 802 1051 quas
837 1004 996 1038 tantum
1034 1008 1077 1046 4.
1131 1003 1243 1036 erant
1291 1006 1409 1036 com-

146 1059 306 1113 pletae,
357 1071 404 1101 vt
453 1074 531 1101 vna
585 1062 726 1101 Martii
766 1073 836 1107 30·
874 1073 952 1101 vna
985 1058 1094 1113 Sept.
1130 1071 1197 1109 14.
1235 1066 1276 1097 et
1309 1058 1410 1099 duae

150 1121 387 1164 Decembris
425 1129 446 1164 8
485 1132 525 1162 et
565 1133 635 1171 14.
700 1120 894 1176 Reliquae
930 1121 1105 1176 placidae
1154 1131 1196 1162 et
1248 1119 1409 1162 incom-

147 1185 276 1240 pletae
311 1184 394 1228 Ian.
433 1199 504 1228 ιε.
543 1186 665 1228 Mart.
707 1197 746 1234 3.
784 1199 826 1235 4.
864 1196 904 1234 5.
943 1197 1013 1234 31.
1050 1185 1152 1239 Apr.
1175 1195 1217 1235 7.
1243 1188 1404 1226 16.21.

146 1251 258 1304 Aug.
296 1256 363 1290 20.
399 1250 490 1292 Ost.
531 1254 568 1290 8Δ
606 1248 718 1290 Nov.
756 1257 796 1298 5.
835 1253 874 1290 8.
914 1260 979 1290 12.
1018 1246 1120 1290 Dec·
1151 1251 1197 1289 6.

296 1333 478 1376 Nebulae
527 1334 663 1373 densae
709 1336 751 1372 6.
804 1341 852 1373 vt
905 1331 987 1373 Ian.
1041 1342 1110 1373 12.
1163 1332 1276 1374 Febr.
1337 1345 1405 1386 ¹9·

147 1397 272 1441 Mart.
330 1411 400 1441 20.
452 1397 555 1453 Apr.
612 1408 685 1436 ιε.
736 1395 840 1438 Maii
892 1407 933 1445 3.
967 1395 1066 1438 Dec.
1104 1408 1178 1443 21.
1209 1397 1302 1443 sunt
1331 1398 1406 1449 obt

143 1463 328 1503 seruatae.

715 2103 754 2152 Β
770 2107 796 2152 b
809 2105 836 2150 b
868 2115 894 2160 3
1198 2099 1407 2150 OBSER-
