1856 2653
487 237 577 282 366
677 232 1545 278 OBSERVATIONVM

475 355 549 399 te,
602 348 800 388 terminus
852 349 959 390 vltra
1009 361 1130 403 quem
1180 350 1336 392 tonitru
1386 361 1465 392 non
1511 348 1645 389 euenit
1678 348 1731 391 est

475 413 633 452 circiter
693 420 746 454 28
805 414 902 466 poi.
960 414 1184 466 parisienses
1232 423 1272 455 et
1304 418 1318 461 ξ
1354 413 1425 453 lin.
1462 414 1599 455 omnia
1632 414 1732 454 infm

474 475 584 516 hunc
645 480 870 518 terminum
928 482 1053 530 gradu
1091 478 1234 521 caloris
1268 478 1522 520 conuenienti
1556 478 1739 519 accidere*

474 540 598 582 solent
620 572 630 590 ,
666 541 694 581 si
731 554 898 596 propius
932 546 1125 585 accedant.
1192 544 1310 586 Secus
1337 543 1364 584 fi
1393 544 1668 584 barometrum
1689 543 1733 582 in

476 605 737 648 descendendo
769 607 949 647 versatur
981 619 1021 649 et
1054 609 1282 650 descendere
1317 607 1473 662 pergit,
1508 616 1605 647 tunc
1621 606 1734 646 enim

472 668 591 722 supra
624 673 850 710 terminum
886 671 1135 724 adsignatum
1173 675 1349 727 incipere
1384 672 1541 727 potest,
1582 670 1733 712 descen-

477 733 593 772 dente
626 735 790 775 interim
826 736 1031 778 Mercurio
1063 740 1110 781 ad
1147 739 1372 779 terminum
1406 746 1445 777 et
1490 736 1591 776 infra
1623 746 1734 774 eum.

478 795 631 838 Omnia
683 800 772 839 sunt
825 801 1082 853 intelligenda
1134 804 1182 844 de
1235 802 1464 855 tempestate
1508 798 1737 850 fulminea,

476 873 577 913 quae
614 865 781 916 propius
813 866 992 905 accedere
1027 864 1135 904 solet.
1199 865 1421 904 Terminus
1453 864 1594 905 caloris
1629 863 1736 904 vltra

476 935 601 978 quem
636 928 814 967 tonitrua
850 941 929 968 non
964 928 1071 968 finnt
1105 929 1159 969 est
1197 938 1282 975 1:30
1319 937 1359 967 et
1392 930 1589 969 terminus
1636 928 1738 967 infra

473 1000 599 1041 quem
651 993 811 1030 euenire
866 1005 944 1033 non
999 991 1125 1035 solent
1171 992 1225 1032 est
1264 1005 1350 1030 112
1387 993 1486 1033 dum
1522 991 1734 1042 incipiunt.

472 1050 596 1093 Calor
643 1056 870 1095 antecedens
919 1055 1055 1096 multo
1105 1056 1234 1095 maior
1291 1065 1371 1101 105
1427 1065 1467 1094 et
1526 1059 1629 1093 106.
1665 1051 1739 1092 effe

475 1117 614 1169 potest.
714 1118 757 1160 Si
808 1129 903 1170 quas
954 1118 1206 1171 exceptiones
1239 1117 1624 1170 deprehenderimus
1650 1146 1663 1168 ,
1696 1116 1739 1157 in

476 1180 682 1233 posterum
718 1181 989 1224 indicabimus.

622 1244 807 1286 Aurorae
857 1246 1028 1286 boreales
1082 1257 1151 1299 per
1219 1254 1355 1286 totum
1414 1258 1568 1287 annum
1632 1243 1739 1286 mihi

475 1314 634 1346 notatae
665 1308 755 1348 sunt
795 1321 865 1347 12.
900 1307 1064 1349 Scilicet
1100 1310 1232 1349 mense
1268 1310 1487 1351 Februario
1524 1323 1563 1359 3.
1596 1311 1635 1351 d.
1668 1318 1738 1358 ις.

477 1369 678 1424 completa
704 1401 714 1419 ,
754 1372 791 1412 d.
833 1375 902 1411 16.
940 1371 1088 1425 placida
1121 1380 1160 1410 et
1195 1373 1423 1425 imperfecta
1457 1374 1494 1412 d.
1536 1384 1605 1421 17.
1642 1386 1740 1413 rur-

477 1431 540 1472 sus
573 1434 757 1486 perfec‘ta.
853 1435 991 1475 Mense
1039 1435 1224 1483 Augusto
1260 1446 1299 1481 3.
1337 1435 1553 1476 Nimirum
1587 1436 1623 1477 d.
1665 1442 1737 1478 18.

479 1495 712 1549 imperfecsta
763 1497 800 1538 d.
850 1508 921 1546 30.
973 1496 1014 1536 h.
1070 1507 1109 1535 2.
1149 1509 1182 1536 a.
1227 1510 1283 1537 m.
1316 1497 1518 1551 completa
1553 1507 1593 1538 et
1623 1499 1738 1540 nocte

476 1557 517 1599 h.
560 1571 626 1601 10.
660 1560 858 1602 obseruata
892 1560 1032 1601 itidem
1068 1559 1282 1615 completa.
1358 1558 1585 1615 Septembri
1625 1575 1665 1603 2.
1699 1563 1736 1604 d.

484 1636 551 1673 14.
591 1625 754 1676 vestigia
789 1634 949 1666 tantum
984 1623 1085 1664 lucis
1119 1624 1285 1666 borealis
1319 1625 1342 1666 d
1398 1634 1623 1674 15.autem
1645 1638 1737 1681 per-

478 1687 588 1729 fecta.
655 1689 791 1731 Mense
823 1689 989 1731 Octobri
1023 1689 1157 1729 rursus
1196 1702 1233 1730 2.
1266 1689 1303 1729 d.
1344 1701 1411 1729 11.
1447 1690 1571 1731 altera
1604 1698 1645 1730 et
1676 1689 1739 1731 al-

481 1759 566 1792 tera
599 1754 637 1794 d.
674 1765 745 1793 20.
779 1763 947 1807 Vtraque
984 1751 1135 1806 placida
1169 1762 1208 1792 et
1261 1754 1500 1807 imperfecta.
1603 1752 1739 1795 Deni-

480 1827 560 1868 que
599 1830 637 1857 2.
675 1818 805 1858 mense
839 1818 1051 1860 Decembri
1086 1817 1125 1860 d.
1163 1829 1218 1857 10
1253 1828 1293 1859 et
1332 1830 1403 1858 21.
1435 1817 1511 1860 Illa
1543 1818 1738 1873 perfecta,

479 1877 576 1919 haec
609 1881 852 1936 imperfecta.

634 1944 815 1987 Nebulae
864 1954 976 1987 erant
1031 1958 1101 1996 13.
1136 1946 1255 1990 scilic.
1290 1946 1494 1988 Februarii
1539 1960 1577 1986 2.
1612 1958 1645 1987 a.
1680 1959 1734 1988 m.

482 2006 625 2051 Martii
683 2020 748 2050 ιο.
792 2023 825 2052 a.
869 2024 926 2053 m.
963 2010 1119 2065 Aprilis
1157 2023 1228 2059 23.
1263 2023 1295 2050 a.
1331 2025 1373 2052 m
1424 2012 1599 2064 Augusti
1637 2023 1661 2060 3
1696 2019 1738 2052 et

483 2079 528 2122 7·
579 2073 764 2117 Ostobris
815 2087 886 2125 24.
936 2073 978 2117 h.
1026 2085 1064 2127 5.
1106 2088 1144 2130 p.
1188 2088 1243 2117 m.
1274 2084 1315 2117 et
1351 2085 1422 2127 25.
1457 2088 1491 2118 a.
1524 2088 1581 2117 m.
1615 2073 1656 2116 h.
1697 2080 1735 2116 8.

1621 2137 1738 2182 Nov.
