1856 2653
591 185 707 243 302³.ss
740 185 754 245 )
788 201 816 231 0
853 186 868 238 (
897 189 1012 241 533<-
1378 207 1434 242 ¹9

177 303 300 350 inum
333 303 466 348 casum
500 303 668 345 resoluit
686 336 698 357 ,
738 317 821 359 quo
853 317 1000 360 corpus
1024 317 1103 346 non
1123 304 1164 346 in
1184 305 1326 347 eodem
1349 306 1435 359 pla-

177 383 253 420 no,
282 372 322 410 in
356 383 438 425 quo
467 380 599 410 centra
630 370 785 411 virium
821 370 902 410 fixa
937 371 1048 420 sunt,
1069 381 1282 421 mouetur3
1309 370 1433 412 ethic

172 435 342 487 quidem
378 435 641 488 peculiaribus
672 435 906 487 quibusdam
951 434 1128 474 artificiis
1187 436 1437 487 aequationes

173 499 454 540 differentiales
504 511 554 538 cx
605 499 816 552 principiis
872 509 1007 539 motus
1041 500 1187 552 petitae
1225 499 1354 539 statim
1391 498 1438 538 ad

178 564 364 614 primum
399 564 570 614 gradum
607 564 792 604 reduc'tae
824 563 944 614 sunt3
995 574 1128 604 ternae
1163 576 1262 603 vero
1296 564 1439 604 varia*

168 627 271 667 biles
306 629 359 668 ita
392 638 506 668 erant
538 629 646 668 inter
681 628 716 668 se
748 626 1012 680 complicatae
1034 659 1045 678 ‚
1099 636 1145 667 vt
1193 639 1259 667 eas
1320 625 1444 667 resol-

175 693 293 731 vendi
342 692 560 733 vmethodus
612 691 723 731 nulla
773 691 989 744 patuisset,
1043 691 1117 731 nist
1163 691 1436 731 substitutione

168 756 344 807 quadam
381 760 540 810 prorius
575 756 765 807 singulari
801 768 879 796 non
916 757 1158 795 concinnam
1195 756 1322 796 modo
1366 766 1437 794 ae·

170 821 408 871 quationem
431 852 442 871 ,
491 823 551 863 sed
604 831 644 860 et
695 833 716 858 a
750 819 1008 860 variabilium
1041 819 1317 873 permixtione
1352 819 1435 859 im-

175 894 347 924 munem
381 886 519 925 elicere
554 883 620 924 Ill.
654 883 830 924 Austori
864 882 1066 934 licuiffetg'
1115 884 1162 924 ad
1195 895 1318 936 quem
1352 883 1436 923 sco-

176 959 280 1001 pum
352 961 446 990 cum
520 948 639 988 initio
703 960 772 1001 per
846 948 1029 1000 ambages
1083 947 1116 986 is
1168 944 1435 1000 perueniffet3

173 1012 303 1065 postea
338 1013 579 1054 methodum
614 1011 750 1052 multo
781 1011 1011 1053 breuiorem
1047 1013 1212 1065 adeptus
1245 1012 1331 1061 est,
1364 1021 1438 1050 cu-

175 1075 239 1114 ius
269 1076 458 1119 beneficio
492 1077 610 1119 vnica
645 1076 919 1118 substitutione
968 1076 1229 1118 variabilium
1279 1076 1436 1128 separa·

173 1139 234 1179 tio
265 1141 585 1183 commodissime
618 1143 834 1181 obtinetur.
935 1141 1153 1181 F-ormulas
1187 1139 1264 1179 hoc
1311 1143 1435 1181 modo

176 1200 358 1240 inuentas
391 1202 459 1242 111.
495 1201 652 1240 Auctor
685 1201 808 1238 etiam
842 1200 889 1237 ad
923 1210 1061 1238 motus
1093 1202 1136 1238 in
1169 1200 1312 1239 eodem
1335 1213 1435 1242 cum

168 1262 320 1300 centris
376 1262 532 1299 virium
584 1257 705 1311 plano
748 1256 914 1298 absoluti
950 1259 1329 1302 determinationem
1364 1265 1436 1305 ad-

169 1322 292 1378 plicat
312 1354 323 1374 ,
350 1323 522 1365 ostendit
556 1334 632 1376 que
654 1354 665 1374 ‚
696 1334 840 1376 corpus
879 1321 950 1362 tali
983 1334 1099 1365 motu
1132 1323 1313 1366 delatum
1349 1339 1431 1368 non

169 1388 212 1428 in
248 1389 384 1427 curuis
418 1389 541 1429 modo
576 1383 802 1438 a'lgebraicis
823 1417 834 1437 ‚
867 1387 927 1427 sed
960 1387 1198 1430 sectionibus
1231 1392 1329 1432 adeo
1362 1402 1435 1432 co·

169 1452 271 1494 nicis
322 1454 481 1493 moueri
535 1451 638 1506 poffe
661 1484 671 1503 ,
719 1463 894 1505 quarum
925 1451 1002 1494 foci
1036 1454 1079 1496 in
1115 1453 1215 1496 binis
1250 1455 1331 1498 istis
1363 1455 1432 1497 vi-

168 1517 280 1558 rium
317 1518 463 1557 centris
496 1515 572 1556 sint
605 1516 823 1557 constituti.

316 1581 468 1637 Quodsi
504 1592 604 1622 vero
635 1595 781 1637 corpus
816 1596 895 1624 non
931 1584 972 1623 in
1006 1585 1147 1625 eodem
1183 1584 1303 1636 plano
1335 1583 1431 1628 moi

168 1653 344 1694 ventur,
387 1655 524 1687 notatu
559 1658 681 1701 quam
721 1648 900 1689 maxime
934 1648 1052 1696 digna
1087 1647 1310 1689 obseruatio
1341 1650 1428 1702 est,

167 1709 258 1752 fieri
312 1709 419 1762 posse
439 1740 451 1761 ,
502 1718 548 1750 vt
591 1723 738 1764 corpus
771 1710 1020 1751 describendo
1051 1723 1221 1752 curnam
1253 1712 1430 1765 dup'icis

165 1783 407 1814 curuaturae
441 1775 481 1814 in
514 1774 720 1827 superficie
752 1773 998 1829 sphaeroidis
1032 1776 1202 1829 elliptici
1242 1777 1309 1817 vel
1355 1790 1429 1819 co·

166 1839 298 1881 noidis
329 1837 583 1892 hyperbolici
619 1849 845 1881 moueatur.
941 1839 1130 1893 Denique
1171 1841 1296 1881 etiam
1351 1841 1429 1882 hoc

167 1904 301 1944 notari
352 1910 566 1954 meretur,
616 1916 666 1944 ex
718 1903 781 1945 his
835 1903 1023 1943 formulis
1064 1906 1197 1945 casum
1231 1906 1425 1947 omnium

162 1966 411 2010 facillimum
444 1966 689 2010 difficillime
721 1967 927 2018 deriuari;
975 1967 1181 2020 adplicatis
1214 1970 1325 2010 enim
1378 1970 1427 2010 iis

164 2034 215 2076 ad
242 2032 379 2074 casum
398 2062 412 2087 ,
443 2044 526 2088 quo
557 2032 718 2076 vitium
751 2031 1047 2075 attrahendum
1080 2032 1277 2080 alterutra
1328 2046 1426 2074 eua-

559 2091 569 2094 ”
826 2110 848 2138 c
886 2111 909 2139 2
1283 2098 1420 2152 nescit,
