1856 2653
465 219 552 263 313
704 210 1454 256 SVPPLEMENTA

463 326 515 367 lia
549 324 747 381 pleraque.
813 327 903 367 Fcci
940 326 1022 365 iam
1056 324 1286 380 periculum
1319 335 1361 367 et
1393 327 1431 368 T
1435 324 1710 369 hermometra

461 393 618 445 optime
649 391 924 434 concordantia
955 391 1126 432 obtinui.

617 520 723 560 Haec
758 520 835 560 fere
867 522 976 571 sunt,
1009 530 1114 561 certe
1148 520 1304 575 potiora
1326 552 1337 573 ‚
1367 534 1467 575 quae
1498 521 1546 561 ad
1578 513 1719 562 differss

467 582 662 623 tationem
697 597 828 625 meam
866 587 1043 638 priorem
1078 587 1117 625 in
1155 585 1346 640 praesenti
1377 589 1517 628 addere
1543 583 1717 638 possum.

467 645 708 687 Defideratis
739 650 925 690 omnibus
966 650 1135 705 persecste
1186 650 1426 691 sauss-aerum
1479 662 1561 689 non
1611 647 1721 700 effe,

469 722 598 763 neque
631 713 752 752 forsan
786 714 962 755 satisfieri
998 714 1110 755 facile
1154 713 1290 767 posse,
1338 728 1388 756 ex
1439 713 1555 755 distis
1605 713 1723 752 iuxta

471 786 637 814 mecum
672 775 899 827 intelligent
931 792 1081 818 omnes.
1179 778 1299 833 Quod
1333 778 1362 818 fi
1403 787 1537 818 tamen
1584 777 1725 817 fauen-

470 840 576 879 tbus
609 839 913 880 circumstantiis
949 842 1211 894 pecul÷aribus
1247 841 1398 894 aliquid
1445 842 1543 883 noui
1594 839 1727 881 adhuc

470 904 650 954 detegere
684 903 840 956 possum
865 936 876 955 ‚
926 906 966 944 id
1006 906 1309 947 communicare
1359 918 1455 945 cum
1507 904 1727 946 Academia

471 980 553 1007 non
587 968 871 1008 intermittam.
939 968 1131 1009 Ceterum
1169 971 1341 1010 modum
1373 981 1495 1023 quem
1528 965 1729 1021 descripsi,

472 1030 730 1073 Mercurium
764 1030 997 1084 congzlandi
1046 1033 1199 1084 alium,
1247 1033 1500 1074 essentialiter
1552 1033 1597 1072 ab
1648 1031 1729 1070 hoc

471 1095 723 1136 differentem
759 1108 838 1136 non
873 1097 1002 1144 noui,
1035 1108 1162 1146 neque
1191 1097 1276 1135 dari
1310 1096 1414 1146 poffe
1448 1095 1560 1137 facile
1594 1094 1732 1135 existi-

475 1159 693 1198 mauerim.
792 1156 939 1198 Nescio
990 1158 1118 1209 igitur
1166 1158 1260 1211 qnid
1314 1157 1384 1197 fibi
1438 1158 1539 1199 velit
1585 1159 1731 1199 modus

475 1223 710 1274 congel-andi
748 1222 1005 1262 Mercurium
1042 1234 1111 1274 per
1145 1224 1475 1274 euaporationem
1497 1254 1508 1274 ‚
1553 1222 1625 1276 qui
1659 1223 1731 1262 de·-

473 1286 657 1325 scribitur
692 1284 732 1323 in
768 1284 913 1324 Diario
946 1285 1124 1335 Anglico
1158 1285 1249 1325 The
1298 1285 1538 1327 Gentlemans
1588 1286 1734 1338 Maga·

476 1350 568 1390 zine
619 1347 727 1388 dicto
771 1360 848 1400 pro
896 1348 1027 1387 mense
1062 1347 1285 1400 Septembri
1327 1353 1462 1395 1761.
1498 1361 1585 1402 pag.
1623 1362 1732 1398 403.

479 1412 592 1455 Nam
643 1420 712 1451 aut
766 1424 836 1464 per
887 1413 1024 1451 iocum
1075 1411 1121 1449 de
1173 1412 1249 1451 hoc
1293 1411 1576 1462 congelations
1609 1413 1734 1453 modo

478 1477 532 1517 ibi
566 1476 720 1515 dietum
756 1475 810 1513 est
832 1504 844 1525 ‚
890 1483 960 1514 aut
995 1473 1019 1513 fi
1054 1473 1186 1526 serio,
1236 1473 1297 1513 vti
1331 1475 1525 1526 videtur,
1574 1477 1734 1517 summa

478 1550 517 1580 et
550 1537 666 1580 craffii
702 1537 900 1577 indicatur
936 1536 1170 1589 ignorantia.
1256 1535 1414 1578 Scilicet
1446 1538 1498 1578 ibi
1538 1541 1737 1593 praecipi-

479 1614 548 1645 tur
599 1603 765 1656 repetita
817 1602 1028 1642 immersio
1079 1599 1391 1641 Thermometri
1445 1602 1485 1642 in
1542 1602 1736 1656 spiritum

479 1668 712 1710 aethereum
734 1697 745 1715 ‚
786 1679 864 1719 qua
906 1666 1003 1706 fiic‘ta
1039 1665 1164 1717 frigus
1195 1667 1250 1705 ita
1281 1665 1420 1718 augeri
1455 1666 1605 1707 dicitur
1626 1697 1639 1716 ‚
1688 1677 1738 1709 vt

479 1733 639 1773 tandem
676 1730 901 1771 Mercurius
920 1729 1188 1781 .c0nge121scat.
1253 1730 1372 1784 Quod
1404 1731 1450 1771 ad
1477 1732 1740 1785 experimen-

481 1807 574 1837 tum
611 1795 687 1833 hoc
720 1795 892 1843 attinet,
942 1807 1090 1834 verum
1144 1793 1307 1847 quidem
1358 1795 1444 1844 est,
1501 1797 1736 1849 productio-

484 1873 580 1902 nem
628 1859 786 1910 frigoris
840 1871 909 1911 per
959 1859 1286 1911 euaporationem
1335 1858 1399 1899 val
1434 1859 1738 1902 exsiccationem

483 1923 592 1965 bulbi
625 1924 724 1963 oriri
761 1922 864 1977 poffe
898 1933 938 1962 et
969 1923 1123 1975 solere,
1171 1924 1234 1963 sed
1283 1921 1359 1962 hoc
1406 1925 1534 1976 frigus
1583 1925 1739 1978 produss

485 1989 599 2030 stum
636 1986 743 2030 vltra
799 1997 850 2037 15
908 1989 1051 2041 gradus
1101 2001 1182 2030 non
1231 1987 1341 2030 facile
1387 1991 1527 2042 augeri
1577 1990 1737 2045 potest,

1629 2062 1739 2095 certe
