1856 2653
319 150 1151 198 ‘DESCRIPTIONES
1270 175 1358 209 41-

116 277 334 319 omncsque
365 265 432 305 alii
454 297 466 315 ,
500 275 698 318 quotquot
733 266 780 305 de
818 265 893 306 hoc
928 267 1080 307 Insee'to
1116 270 1361 320 scripz‘tiu121,‚

117 330 247 370 eidem
286 330 393 369 taciti
426 329 698 368 assentiuntur.
797 330 1062 371 Momentum
1105 332 1237 384 imque
1289 332 1361 373 hoc

116 394 392 448 perpendens,
441 393 572 443 elytra
622 394 863 445 praeprimis
913 395 1131 434 accuratius
1172 395 1362 447 adsp²cere

115 459 334 508 constitui,
367 468 486 510 eaque
508 486 519 505 ,
559 468 658 509 qnae
694 456 943 510 inuestigatio
978 457 1084 497 msshi
1120 459 1220 498 toret
1254 459 1364 499 obl-„ta

115 531 204 562 tura
227 553 237 571 ‚
289 521 448 563 Lestori
487 521 800 560 communicare.
896 521 1153 576 Deprehendi
1194 532 1365 574 autem,

115 586 275 625 vernice
301 616 310 634 ‚
344 597 419 637 qua
452 583 757 624 conierllaltionls
791 585 900 625 causa
935 595 1068 626 totum
1102 596 1246 637 corpus
1277 597 1363 625 erat

112 648 363 699 obductum,
399 649 565 700 separata
587 679 597 697 ‚
635 647 895 700 pigmentum
930 649 1032 690 illud
1060 681 1071 697 ‚
1110 648 1243 689 colore
1277 648 1364 688 fru-

111 713 200 752 etus
249 712 486 762 oliuamm,
538 711 703 751 stratum
754 712 826 752 esse
862 713 1139 754 tenuiffimum
1175 714 1362 753 materiae

110 773 425 828 immundum,
475 775 677 815 albicantis
701 805 711 824 ‚
760 775 915 816 cultelli
965 776 1074 828 apice
1105 772 1215 816 facile
1251 776 1363 816 abra·

107 839 315 889 ciendum,
368 839 624 889 coloremque
659 837 882 876 naturalem
908 869 920 889 ‚
973 850 1055 892 quo
1089 839 1168 893 ipsa
1204 838 1362 890 elytro-

108 912 204 940 rum
239 901 443 943 substantia
483 910 566 940 erat
617 899 804 950 imbuta,
855 901 922 942 sub
970 904 1112 944 eodem
1163 903 1360 954 recondi,

104 976 176 1006 nec
206 963 290 1003 eius
323 966 539 1018 quicquam
577 963 647 1002 nisi
685 966 730 1004 ad
766 965 956 1015 maculas,
989 966 1096 1006 strias
1128 974 1168 1004 et
1202 965 1324 1005 lineas
1347 997 1359 1016 ,

105 1027 171 1068 vbi
206 1029 467 1080 pigmentum
503 1026 604 1067 illud
635 1027 768 1067 deficit
789 1058 801 1077 ‚
833 1039 1035 1081 apparere.
1097 1028 1163 1071 Sic
1186 1060 1197 1079 ‚
1246 1030 1358 1070 abra-

105 1091 146 1129 so
176 1092 288 1131 omni
332 1091 573 1142 pigmento,
624 1089 794 1127 varietas
832 1091 933 1140 ista,
979 1104 1000 1130 a
1054 1092 1236 1133 Roefielio
1285 1096 1355 1134 de-

103 1153 246 1206 scripta
267 1185 278 1205 ‚
310 1163 393 1192 arte
425 1152 547 1191 ctiam
585 1151 833 1204 producitur.
901 1152 1019 1194 Num
1054 1164 1189 1194 autem
1222 1154 1353 1205 elytra

95 1217 315 1262 ‚materiam
353 1217 464 1256 istam
498 1214 731 1254 albicantem
766 1215 835 1255 snb
867 1216 947 1268 ipsa
990 1216 1173 1256 animalis
1222 1229 1353 1257 meta,

104 1279 312 1334 morphosi
333 1311 343 1329 ‚
378 1277 444 1318 vel
478 1278 605 1330 postea
639 1277 807 1318 demum
840 1279 1028 1319 exsudent
1050 1309 1061 1326 ,
1101 1279 1233 1319 calore
1270 1281 1352 1321 sor-

91 1335 140 1388 ,ie
160 1374 171 1394 ,
221 1342 397 1394 dissipata
432 1341 543 1392 prius
575 1340 716 1391 aquofii
751 1349 862 1392 parte
883 1371 894 1390 ‚
943 1339 1220 1382 consistentem
1240 1373 1252 1392 ‚
1303 1355 1352 1382 an

93 1405 322 1450 artificium
355 1402 485 1444 dolose
536 1401 653 1441 subsit
674 1431 685 1449 ‚
736 1401 982 1452 quaeritur?
1011 1404 1225 1447 «Posterius
1277 1406 1351 1446 vix

91 1469 260 1509 credam
284 1497 294 1515 ‚
338 1466 448 1518 prius
483 1464 616 1517 potius
654 1461 864 1504 innumera
885 1463 1066 1516 'probant
1103 1469 1248 1519 puntsta
1283 1469 1347 1508 seu

96 1529 340 1575 foraminula
375 1527 545 1568 minima
566 1557 577 1577 ,
610 1525 753 1578 quibus
787 1528 961 1581 vndique
997 1530 1203 1581 pertusum
1238 1531 1347 1583 quasi

91 1605 182 1636 erat
215 1595 471 1648 pigmentum
492 1620 505 1641 ‚
537 1600 716 1643 quaeque
741 1621 753 1641 ‚
790 1592 921 1632 abraso
955 1591 1032 1631 hoc
1053 1623 1064 1643 ,
1114 1593 1189 1648 ipfi
1223 1594 1346 1634 etiam

97 1657 330 1711 elytrorum
366 1653 593 1696 substantiae
623 1653 807 1706 impressa
839 1655 939 1696 vidi.
1003 1656 1099 1708 Ast,
1132 1658 1234 1698 vnde
1256 1658 1346 1698 istae

96 1717 258 1771 lineae,
306 1719 519 1760 secundum
561 1716 792 1768 elytrorum
828 1718 1125 1771 longitudinem
1160 1720 1345 1774 plerum-

96 1798 175 1840 que
213 1784 352 1826 dndhae
372 1815 384 1835 ‚
433 1792 473 1822 et
505 1780 550 1820 ad
584 1780 705 1821 latera
740 1781 833 1822 hinc
863 1792 904 1823 et
937 1783 1029 1824 inde
1063 1794 1194 1824 ramos
1226 1785 1275 1825 de
1308 1781 1347 1824 se‘

98 1843 357 1903 spargentes?
407 1844 530 1887 forfim
572 1845 767 1888 substratis
801 1846 1142 1888 foraminulorum
1177 1849 1343 1888 seriebus

94 1915 204 1956 suam
238 1913 376 1954 debent
408 1910 619 1960 originem.
705 1910 890 1952 maculae
925 1922 1023 1951 vero
1051 1910 1309 1952 subrotundae
1329 1941 1341 1961 ‚

98 1973 235 2018 vnde?
267 1988 314 2015 an
349 1975 394 2015 ab
410 1973 702 2014 ·exsudantibus
729 1972 808 2016 olei
858 1974 1032 2026 guttulis
1083 1976 1339 2030 pigmentum

162 2038 372 2081 Tom.X1.
385 2036 665 2080 Nou.Comm.
859 2036 897 2080 G
916 2049 942 2091 g
959 2050 985 2092 g
1220 2036 1340 2088 illud,
