1856 2653
587 191 925 237 INDEX.
1303 217 1392 258 ⁵7³

148 307 360 359 Eiusdem,
400 304 738 346 Obseruationurn
794 306 1205 360 Meteorologicarum
1258 314 1400 359 Petro·

434 366 519 428 poli
552 367 748 409 &starum
778 362 960 423 epitom‘e
993 384 1062 425 per
1089 373 1262 426 singulos
1286 391 1398 420 men-

432 436 485 474 ies
535 433 627 473 anni
670 436 804 483 1763.
848 435 890 475 st.
927 448 966 476 v.
1008 449 1103 478 cum
1136 439 1398 496 εοιηέἂιιῐὶίε,

430 504 472 537 et
506 496 547 536 in
575 509 638 538 eas
671 496 1046 543 considerationibus
1079 514 1169 557 pag.
1207 508 1310 552 382.

594 617 856 696 Physic
882 642 937 681 a.

143 746 396 801 Koelreuter,
444 745 698 794 Insec'torum
748 749 880 791 Musei
930 749 1219 806 Petropolitani
1271 754 1401 795 rario-

430 823 528 853 rum
552 844 563 865 ‚
615 815 831 855 Americae
865 816 1119 869 potissimum
1156 817 1401 859 meridiona-

428 874 481 917 lis
512 877 737 919 incolarum
757 909 769 928 ,
802 878 1084 931 descriptiones
1117 891 1156 932 p.
1190 892 1298 929 401.

145 969 325 1013 Eiusdem
345 1000 357 1022 ,
389 970 622 1022 Descriptio
655 971 755 1012 Fuci
786 968 937 1010 foliacei
958 1000 970 1020 ,
1020 971 1222 1012 frondibus
1253 971 1398 1015 frueti-

430 1031 639 1073 ficantibus
671 1033 870 1088 papillatis
903 1045 992 1087 pag.
1029 1047 1136 1085 424.

144 1125 323 1170 Eiusdem
343 1158 356 1180 ,
387 1127 498 1168 Aues
532 1126 693 1169 Indicae
725 1126 944 1170 rarissimae
973 1136 1015 1170 et
1047 1129 1273 1184 incognitae
1307 1139 1397 1186 pag.

428 1203 537 1241 429·

483 1313 1048 1389 Astronomica.

141 1435 351 1481 Rumovski
369 1468 382 1490 ,
413 1434 557 1477 Breuis
590 1434 792 1486 expositio
821 1420 1161 1477 Obseruat'ionurn
1199 1437 1399 1480 occasione

428 1497 616 1538 transitus
647 1498 818 1539 Veneris
852 1511 923 1553 per
953 1499 1091 1542 Solem
1125 1502 1165 1541 in
1202 1503 1296 1542 vrbe
1322 1502 1397 1543 Se-

424 1560 608 1614 lenginsk
655 1575 762 1604 anno
817 1567 950 1613 1761.
992 1565 1268 1606 institutarum
1307 1577 1398 1620 pag.

426 1638 538 1677 443·

141 1731 321 1777 Eiusdem
342 1762 355 1786 ,
384 1730 644 1785 Inuestigatio
674 1728 924 1772 Parauaxeos
955 1727 1061 1772 Solis
1109 1743 1161 1772 ex
1211 1733 1396 1775 obserua-

311 1794 313 1797 ‘
426 1796 535 1836 tione
568 1795 759 1837 taanfittrs
789 1795 963 1836 Veneris
988 1807 1065 1849 per
1093 1795 1247 1837 discum
1292 1797 1396 1839 Solis

423 1859 678 1913 Selenginski
730 1858 862 1900 habita
881 1890 894 1911 ‚
943 1859 1092 1900 collata
1132 1871 1230 1900 curn
1264 1861 1396 1903 obser·

424 1924 652 1967 vation'ibus
683 1922 778 1966 alibi
811 1923 1003 1965 institutis
1036 1933 1127 1980 pag.
1160 1928 1269 1975 487.

699 2098 824 2143 Cccc
859 2110 886 2151 a
1264 2097 1395 2141 Hein-
