1856 2653
459 186 1166 232 FVNcrtoNvm.
1415 203 1449 241 9

188 305 398 363 perimit,
431 303 692 345 fimdamento
723 317 805 345 non
840 311 988 354 carent,
1007 301 1071 342 hic
1107 310 1245 341 autem
1283 299 1346 340 illi
1383 304 1448 342 vi-

187 373 245 411 tio
280 369 488 422 imprimis
521 368 574 409 est
615 368 943 418 occurrendum,
990 378 1072 419 quo
1111 366 1286 408 diuersae
1325 363 1446 405 huius

185 434 368 474 scientiae
404 440 533 486 partes
568 445 650 475 non
698 433 791 475 satis
841 430 1056 483 diligenter
1108 443 1130 471 a
1181 431 1218 471 se
1267 428 1447 469 inuicem

185 497 497 551 distinguuntur.

329 638 377 679 '7.
450 629 557 670 Tota
608 638 747 670 autem
799 628 862 669 vis
912 626 1131 679 Analyseos
1183 623 1445 666 infinitorum

184 693 555 736 :conuenientiffime
595 705 647 733 ex
696 693 860 733 notione
910 700 949 731 et
1001 691 1136 734 indole
1186 690 1443 731 functionum

183 756 410 809 explicatur
432 787 442 807 ‚
475 769 575 811 quae
607 755 929 799 commodissime
964 767 1040 809 pro
1074 764 1248 795 numero
1281 753 1443 807 quanti-

183 827 323 861 tatum
357 821 627 874 variabilium,
646 833 719 875 per
752 833 848 875 quas
881 829 991 862 certo
1025 821 1201 872 quodam
1233 819 1357 859 modo
1374 817 1441 857 do-

183 882 488 938 terminantur,
536 887 579 926 in
630 884 763 925 classes
813 886 1128 937 distinguuntur.
1210 880 1275 924 Sic
1308 881 1441 934 prima

175 947 304 990 -claffis
339 950 553 991 continebit
587 949 810 990 functiones
851 950 989 990 vnicae
1028 947 1264 1002 quantitatis
1307 945 1442 986 varia·

182 1010 285 1052 bilis.
351 1013 470 1054 Tales
519 1014 740 1055 functiones
790 1014 881 1055 sunt
933 1012 1152 1067 applicatae
1202 1009 1442 1064 quarumuis

180 1074 401 1129 linearum,
421 1079 599 1130 respec'tu
633 1079 894 1120 absciffarum.
930 1078 993 1119 Ita
1027 1076 1152 1131 posita
1184 1073 1334 1117 abscissa
1354 1084 1442 1113 :x

181 1147 223 1178 et
256 1142 453 1193 applicata
484 1153 613 1190 :y‚
647 1143 723 1179 erit
744 1155 777 1189 y
811 1142 966 1180 fun-itio
1000 1137 1201 1178 variabilis
1234 1150 1262 1177 x
1282 1168 1293 1186 ‚
1327 1137 1442 1176 cuius

182 1210 325 1242 natura
356 1215 427 1256 per
461 1202 610 1241 lineam
646 1213 815 1241 curuam
837 1231 847 1250 ,
882 1201 945 1239 seu
981 1200 1258 1250 aequationem
1280 1230 1291 1250 ‚
1341 1211 1442 1251 quae

182 1261 290 1302 inter
320 1275 349 1301 x
382 1271 475 1309 ety
507 1263 625 1300 datur
645 1290 656 1310 ‚
697 1261 978 1311 exprimitur;
1012 1271 1090 1312 qua
1125 1258 1189 1308 fit,
1224 1267 1271 1298 vt
1305 1260 1439 1302 statim

180 1333 301 1377 atque
334 1323 505 1365 absciffae
538 1334 565 1362 x
598 1324 888 1363 determinatus
922 1321 1038 1363 valor
1058 1322 1250 1363 tribuitur
1272 1353 1283 1373 ,
1316 1324 1440 1364 etiam

179 1388 380 1441 applicata
411 1400 434 1433 y
469 1386 653 1427 valorem
689 1388 1005 1428 determinatum
1040 1387 1325 1440 consequatur,
1357 1386 1440 1426 siue

182 1450 217 1491 is
250 1453 371 1492 fuerit
406 1450 579 1503 simplex
599 1482 609 1501 ‚
645 1450 727 1491 fiue
760 1452 884 1491 etiam
921 1449 1165 1504 multiplex,
1200 1451 1281 1491 fiue
1314 1453 1439 1492 etiam

180 1514 476 1568 imaginariu53
512 1515 615 1554 vnde
650 1513 896 1565 intelligitur
929 1515 1052 1555 etiam
1087 1514 1259 1555 viciffim
1302 1517 1438 1560 abscis-

179 1578 263 1618 sam
314 1591 342 1618 x
393 1588 582 1629 tanquam
632 1577 880 1618 functionem
932 1577 1152 1632 applicatae
1190 1590 1223 1625 y
1274 1578 1438 1631 spectari

185 1640 301 1695 posse.
384 1639 520 1683 slmili
558 1641 681 1682 modo
714 1641 741 1680 fi
778 1654 923 1696 corpus
960 1653 1028 1696 per
1062 1641 1300 1695 quampiam
1335 1642 1437 1682 line.-

183 1717 252 1745 am
288 1715 533 1755 moueatur,
569 1705 652 1744 eius
687 1705 865 1746 celeritas
899 1706 940 1745 in
976 1705 1141 1756 singulis
1175 1706 1273 1747 locis
1313 1707 1438 1746 etiam

180 1771 229 1810 ad
265 1769 484 1810 functiones
518 1770 655 1809 vnicae
674 1769 873 1811 variabilis
892 1770 944 1810 est
964 1771 1184 1819 reserenda3
1217 1769 1272 1809 est
1288 1771 1439 1823 quippe

180 1833 335 1873 functio
387 1835 470 1872 eius
520 1834 751 1885 quantitatis
785 1832 1020 1885 variabilis,
1051 1846 1128 1887 qua
1179 1833 1265 1872 eius
1312 1832 1438 1874 lineae

183 1897 331 1951 puncta
366 1898 560 1936 continuo
591 1898 924 1939 determinantur.
1008 1899 1055 1939 In
1100 1896 1170 1939 hac
1205 1896 1318 1936 classe
1349 1896 1435 1950 ple-

183 1973 326 2014 raeque
360 1962 598 2013 quaestiones
633 1961 763 2001 adhuc
799 1963 984 2002 tractatae
1027 1963 1117 2003 sunt
1156 1959 1405 2002 collocandae
1425 1992 1437 2012 ,

184 2024 336 2064 etiamfi
372 2025 522 2078 saepius
558 2024 691 2076 plures
723 2025 930 2066 variabiles
981 2027 1023 2066 in
1071 2035 1320 2079 computum
1374 2026 1435 2064 in-

184 2090 435 2140 grediantur,
471 2088 664 2142 siquidem
699 2091 861 2131 cunetae
896 2090 1054 2131 tandem
1090 2102 1159 2143 per
1187 2090 1347 2130 vnicam
1367 2090 1436 2129 de-

187 2153 466 2192 terminantur.
503 2151 644 2192 Veluti
678 2153 707 2193 fi
744 2165 881 2196 motus
915 2154 1031 2195 lunae
1059 2154 1322 2206 inuestigatur
1344 2183 1355 2202 ‚
1388 2153 1436 2192 ad

246 2215 458 2257 Tom.XI.
476 2215 587 2258 Nou.
599 2216 763 2258 Comm.
979 2217 1013 2260 B
1307 2216 1434 2270 quod-
