1856 2653
444 189 550 224 810.
699 176 1437 220 SVPPLEMENTA

442 292 569 343 igitur
637 292 862 333 Mei-curlus
923 290 1067 331 firmus
1133 294 1219 331 iure
1296 304 1370 344 pro
1444 286 1682 328 moiiiffimo

443 357 633 396 omnium
669 356 928 394 metallorum
964 357 1003 394 in
1040 356 1136 395 statu
1192 355 1397 395 firmitatis
1448 353 1684 392 constituto-

446 431 538 458 rum
572 420 736 468 haber13
770 420 866 457 hinc
899 421 1060 470 claugor
1091 431 1272 472 quoque,
1307 418 1335 458 fi
1372 417 1492 456 modo
1521 415 1683 466 clangor

444 484 629 523 dicendus
662 484 744 531 est⁷
774 482 1039 522 obmuimms
1070 481 1142 520 css'u
1176 483 1281 522 iolct.
1348 482 1494 532 Digito
1528 489 1686 532 quoque

449 548 563 597 tetigi
597 547 703 586 huuc
736 546 1047 598 cyhno’mlum,
1099 556 1139 585 et
1172 547 1278 585 vltra
1312 546 1388 584 tria
1425 545 1582 583 minuta
1630 542 1686 581 se-

444 611 572 650 cunda
602 611 784 650 sustinere
818 611 942 662 frigus
976 623 1053 650 non
1096 610 1241 662 potni5
1291 608 1404 650 locus
1455 608 1571 657 digiti
1622 605 1689 647 vbi

446 673 702 726 congelatum
740 674 993 714 Mercurium
1026 674 1228 723 tangebam
1252 703 1263 723 ‚
1282 683 1381 712 verat
1412 669 1521 710 albus
1555 678 1602 709 vt
1632 669 1694 709 so-

448 737 506 778 let
526 736 539 787 ',
571 736 601 776 fi
634 739 809 791 corporis
843 738 1008 777 humani
1045 749 1132 789 pars
1168 736 1324 788 gelatur
1346 766 1356 785 ,
1410 735 1592 775 frictione
1622 743 1694 772 ve-

451 800 706 843 hementiore
739 812 835 839 cum
871 803 963 840 niue
985 830 995 849 ‚
1028 812 1140 839 more
1173 800 1238 837 hic
1271 801 1455 839 consueto
1476 829 1487 849 ‚
1517 797 1697 847 digitum

451 864 616 905 restitui.
679 863 891 905 Descendit
922 875 1044 916 porro
1078 862 1307 902 Mercurius
1339 861 1577 912 regula-riter
1624 858 1702 900 ali·

450 928 607 981 quoties
639 928 686 968 ad
727 936 826 975 550.
860 928 984 978 frigus
1016 923 1195 966 naturale
1227 934 1311 964 erat
1365 937 1484 974 1923
1533 923 1701 964 Mercu-

452 992 538 1031 rius
571 991 696 1030 etiam
730 1003 780 1030 ex
814 989 1012 1030 cinnaberi
1046 987 1291 1039 destillatus3
1338 986 1441 1028 vltra
1476 986 1584 1025 hunc
1621 994 1704 1024 ter-

454 1054 620 1094 minum
652 1066 861 1106 nunquam
907 1054 1098 1093 descendit
1148 1052 1385 1103 regulariter
1434 1060 1524 1091 ante
1572 1051 1707 1102 impe-

455 1125 560 1157 tum.
626 1115 937 1169 Nonnunquam
969 1116 1015 1153 ad
1051 1115 1158 1152 hunc
1193 1115 1415 1152 terminum
1448 1124 1607 1165 quoque
1642 1122 1708 1150 re-

456 1180 652 1232 gulariter
685 1179 878 1219 descendit
909 1178 1140 1220 Mercurius
1174 1176 1251 1227 ita,
1286 1186 1331 1216 vt
1365 1176 1417 1216 ibi
1452 1177 1592 1226 staret,
1624 1175 1710 1215 im-

458 1252 554 1296 petu
590 1242 692 1282 facto
727 1240 873 1291 nullo,
927 1241 1034 1295 quod
1068 1253 1166 1281 vero
1197 1241 1327 1280 rarius
1367 1241 1548 1292 contigit.
1642 1237 1708 1279 De

457 1304 636 1348 descensu
674 1304 715 1343 in
747 1306 837 1343 aere
873 1305 954 1343 iarn
988 1304 1030 1343 in
1070 1303 1334 1344 differt-atione
1373 1303 1508 1355 priore
1547 1301 1712 1354 exposui

460 1376 501 1408 et
533 1366 645 1408 nulla
678 1366 754 1407 alia
783 1368 955 1407 omnino
975 1367 1137 1407 videtur
1157 1367 1260 1406 ratio
1279 1377 1402 1418 quam
1420 1365 1565 1406 solutio
1583 1364 1713 1405 conti-

461 1439 594 1473 nuata.
645 1429 715 1471 Est
735 1429 803 1469 hic
822 1431 1015 1482 impetus,
1034 1429 1099 1468 vel
1118 1441 1302 1481 praeceps
1320 1427 1438 1468 saltus
1455 1430 1497 1468 in
1529 1427 1714 1479 congela-

464 1495 596 1545 tione,
623 1493 830 1534 Mercurio
863 1490 979 1545 plane
1011 1493 1210 1545 proprius.
1276 1490 1325 1531 In
1343 1489 1459 1531 nullo
1476 1490 1556 1532 alio
1575 1491 1715 1542 fluido,

464 1557 571 1611 quod
604 1556 752 1608 frigore
783 1555 851 1597 vel
892 1555 1162 1595 diminutione
1213 1553 1356 1595 caloris
1405 1553 1581 1594 firmum
1632 1552 1715 1605 fit,

464 1619 596 1661 firnile
629 1619 953 1673 phaenomenum
974 1650 986 1671 ,
1038 1618 1144 1673 quod
1177 1619 1294 1658 sciam
1317 1648 1328 1668 ‚
1359 1618 1555 1659 obseruari
1585 1616 1683 1657 solet
1704 1647 1716 1668 ,

464 1693 572 1724 certe
604 1694 680 1734 ego
713 1696 793 1723 non
826 1683 1042 1724 obseruaui.
1139 1679 1214 1723 Sed
1245 1694 1317 1720 cur
1353 1680 1582 1722 Mercurius
1613 1680 1718 1723 solus

464 1750 566 1790 dum
600 1758 651 1785 ex
685 1746 782 1786 statu
815 1744 1022 1786 fluiditatis
1055 1745 1096 1785 in
1139 1745 1284 1786 statum
1321 1743 1527 1786 firmitatis
1576 1744 1718 1786 transit

467 1810 666 1852 eiusmodi
703 1809 1027 1863 phaenomenum
1061 1817 1198 1849 motus
1231 1809 1462 1863 praecipitis
1510 1808 1716 1858 monstret,

469 1884 556 1915 tam
588 1871 697 1914 ficile
728 1873 837 1914 dictu
875 1887 954 1914 non
996 1873 1170 1914 videtur.
1271 1873 1391 1915 Ratio
1425 1882 1558 1914 tamen
1592 1869 1717 1912 huius

473 1936 738 1992 phaenomeni
773 1936 884 1978 nulla
919 1936 994 1977 alia
1033 1937 1138 1977 mihi
1188 1937 1351 1990 quidem
1399 1938 1561 1978 videtur
1582 1965 1593 1986 ‚
1645 1933 1720 1976 nisi
1745 1969 1762 1976 ,-

472 2001 580 2057 quod
611 2000 836 2052 congelatio
870 2000 1063 2043 Mercurii
1103 1999 1174 2041 fiat
1222 2000 1330 2054 quasi
1383 2001 1425 2043 in
1474 1997 1632 2042 instanti
1680 2006 1724 2054 et

1628 2073 1723 2103 mo-
