1856 2653
245 220 513 268 SVPPLEM.
546 220 630 263 DE
671 216 1006 262 CONGELAT.
1042 220 1217 265 MERC.
1278 235 1371 274 303

123 337 216 380 ralis
239 369 251 388 ‚
283 337 352 378 sub
384 349 465 389 quo
495 334 803 386 hydrargyrum
838 335 877 374 in
913 334 1044 375 forma
1084 332 1205 374 solida
1227 365 1238 385 ‚
1287 344 1371 375 arte

123 404 237 454 coz-'51
271 403 450 454 adparere
471 430 483 450 ,
533 400 594 440 vti
629 399 781 453 reliqua
820 399 980 439 metalla
1014 399 1198 452 adparere
1232 399 1372 449 solent,

122 466 201 507 fult
242 477 342 513 175.
377 458 507 506 scalae*
528 476 548 503 a
581 464 691 503 nobis
725 462 923 505 adhibitae
954 462 1181 504 Delilianae
1201 493 1212 514 ‚
1247 473 1374 514 neque

123 530 200 572 hoc
234 529 394 580 frigoris
427 528 553 580 gralu
591 528 839 568 Mercurium
877 539 1057 581 vnquam
1091 529 1138 568 ad
1156 526 1371 578 perfectam

121 592 442 646 congelationem
477 592 687 645 perducere
720 592 960 645 potuimus,
1011 591 1073 631 sed
1114 598 1276 631 tantum
1325 588 1374 629 ad

122 660 291 712 parietes
325 657 424 697 vitri
466 654 645 695 lamellas
694 654 947 696 adhaerentes
1003 654 1197 695 vidimus.
1293 652 1376 692 Vbi

123 724 253 774 igitur
305 721 474 761 maiores
523 732 572 760 eo
618 720 777 772 frigoris
811 719 1002 760 naturalis
1035 718 1179 770 gradus
1211 715 1374 755 existere

123 797 205 826 non
253 783 408 835 solent,
458 782 511 823 ibi
564 784 637 824 vix
688 796 730 824 ac
776 796 824 823 ne
857 785 931 823 vix
963 781 1129 835 quidem
1163 779 1376 833 voluptate

121 859 302 902 vnqunm
334 849 518 888 fruentur
551 847 619 886 alii
645 846 926 896 Mercurium,
957 845 1018 885 vti
1038 842 1193 898 reliqua
1213 844 1376 883 metalla

122 911 166 951 in
200 914 329 951 forma
362 911 482 950 firma
514 916 554 948 et
588 908 706 950 solida
742 911 910 964 perfeste
944 908 1143 959 videndi,
1192 908 1254 947 sed
1288 908 1376 960 spe-

120 973 282 1015 stabunt
317 982 477 1013 tantum
509 983 630 1023 eum,
660 982 708 1013 vt
740 974 955 1016 metallum
990 971 1124 1012 fusum
1169 970 1211 1010 in
1244 971 1377 1011 forma

122 1038 239 1078 fluidi
273 1038 463 1090 corporis.
527 1036 632 1076 Hinc
666 1036 845 1090 sequitur
881 1039 1070 1077 innanem
1102 1045 1271 1088 operam
1292 1035 1376 1074 im-

123 1101 273 1155 pendi,
314 1099 342 1139 si
379 1100 468 1153 quis
502 1100 688 1138 animum
724 1101 886 1140 inducat
907 1131 918 1149 ‚
968 1108 1052 1139 arte
1086 1108 1175 1136 rem
1208 1109 1256 1138 eo
1289 1109 1375 1150 per-

125 1165 300 1212 ducere,
350 1171 398 1200 vt
447 1157 586 1200 aestate
632 1172 793 1215 quoque
847 1161 1075 1203 Mercurius
1106 1158 1377 1210 congeletur,

123 1237 164 1267 et
196 1227 370 1266 formam
406 1222 519 1264 solidi
553 1225 734 1276 corporis
765 1223 918 1265 induat.
983 1224 1128 1278 Quum
1162 1223 1290 1272 igitur
1327 1235 1377 1263 eo

124 1290 278 1331 felicius
307 1286 518 1338 capiantur
558 1286 682 1325 huius
731 1288 889 1337 generis
938 1285 1249 1339 experimenta,
1296 1296 1380 1339 quo

121 1353 237 1404 regio
269 1348 450 1399 frigidior
483 1345 557 1386 effe
588 1346 715 1388 solet:
763 1348 938 1390 dubitari
968 1349 1109 1401 nequit
1131 1378 1143 1399 ‚
1194 1347 1296 1401 quin
1337 1349 1381 1388 in

121 1414 263 1457 Sibiria
285 1443 297 1462 ,
350 1410 414 1450 vbi
466 1409 701 1461 insigniores
747 1413 906 1462 frigoris
940 1414 1087 1464 gradus
1121 1423 1285 1464 regnare
1316 1410 1380 1453 so⁴

121 1476 227 1529 lent,
256 1471 423 1516 successu
459 1475 623 1523 egregio
656 1475 840 1525 gauisura
874 1473 950 1514 sint
986 1474 1109 1514 huius
1128 1475 1282 1526 generis
1307 1486 1381 1516 ex·

123 1541 347 1595 perimenta
370 1564 384 1587 ,
433 1536 556 1576 modo
590 1537 676 1576 satis
710 1538 829 1591 periti
866 1538 918 1578 ibi
967 1537 1133 1578 adessent
1155 1569 1166 1588 ‚
1217 1537 1289 1592 qui
1336 1550 1381 1581 ea

124 1604 328 1645 instituere
361 1598 490 1639 debite
524 1599 687 1652 possent.
787 1601 960 1643 Interim
1010 1603 1214 1656 desperare
1263 1599 1381 1655 plane

124 1680 207 1709 non
239 1665 454 1714 debemus5
485 1662 644 1704 forsitan
673 1676 770 1706 cum
805 1675 990 1720 tempore
1011 1696 1024 1718 ,
1065 1665 1244 1708 nascetur
1275 1677 1382 1720 quo·

124 1743 205 1786 que
244 1726 407 1772 occafio.

274 1793 428 1833 Habent
481 1790 609 1844 igitur
659 1794 840 1845 regiones
890 1790 1128 1834 borealiores
1149 1823 1161 1844 ‚
1217 1790 1380 1841 altiores

124 1869 252 1912 eoque
283 1855 504 1907 frigidiores
540 1868 632 1908 prae
662 1858 830 1910 reliquis
863 1855 966 1913 hanc
1017 1856 1341 1911 praerogatiuam
1367 1885 1379 1908 ‚

124 1931 174 1963 vt
207 1920 338 1962 multa
372 1920 645 1972 experimenta
665 1953 678 1974 ‚
727 1920 957 1963 et-multae
989 1921 1278 1962 obseruationes
1310 1921 1378 1959 in-

125 1984 236 2027 stitui
269 1996 394 2037 eoque
443 1982 573 2024 multa
623 1996 727 2027 noua
777 1985 909 2038 detegi
957 1993 1103 2039 queant
1126 2016 1138 2037 ,
1187 1995 1288 2038 quae
1335 1983 1379 2023 in

118 2041 216 2090 *aliis
245 2049 382 2090 minus
415 2046 635 2089 borealibus
666 2058 708 2091 et
737 2049 874 2091 minus
908 2047 1000 2090 altis
1041 2044 1140 2092 locis
1178 2046 1378 2090 obseruari

1294 2122 1377 2151 120ss
1417 2124 1425 2145 ι’
