1856 2653
521 129 635 183 ee
669 132 683 182 >
718 139 745 169 0
781 124 795 183 (
826 125 941 180 eze<
1289 144 1340 170 ιι

108 244 314 301 perducit,
364 241 424 282 sed
476 241 620 295 quibus
668 243 804 298 potius
854 241 900 281 ad
935 239 1076 282 altiora
1112 241 1270 282 tendens
1304 256 1345 283 ea

103 309 159 349 est
191 306 499 362 superstrueida.

255 373 295 413 Si
347 371 474 422 igitur
520 383 714 424 ponamus
746 370 854 410 binos
890 368 1084 420 trianguli
1119 370 1286 422 angulos
1320 385 1348 411 α

102 444 144 475 et
178 436 205 489 β
239 435 310 475 effe
341 436 444 474 inter
472 436 506 474 se
528 465 538 484 ,
575 436 634 475 vti
670 446 794 485 m:n;
828 435 1032 474 intricatos
1071 434 1266 485 calculos,
1299 435 1345 474 ad

102 511 202 552 quos
223 531 233 550 ‚
281 499 446 539 simulac
499 500 601 538 ratio
651 513 686 539 m
707 513 714 538 ε
735 511 758 538 n
799 497 864 538 vel
899 498 1105 538 tantillum
1135 499 1347 539 assumitur

98 563 340 616 complicata
360 595 372 615 ‚
407 562 611 616 problema
645 563 806 605 deducit
826 591 838 611 ‚
878 562 994 602 nullo
1028 564 1195 603 feliciori
1230 575 1345 603 com-

102 628 248 679 pendio
279 631 456 680 superare
491 626 628 676 licuit,
663 639 784 681 quam
819 626 1045 680 incipiendo
1077 640 1098 667 a
1132 627 1220 667 casu
1250 626 1346 666 fim-

99 689 312 743 pliciffimo
359 700 476 744 atque
529 692 623 730 hinc
672 694 719 732 ad
771 691 898 741 magis
932 690 1176 742 compositos
1206 692 1346 731 ordine

98 755 401 807 progrediendo.
491 755 693 806 Principio
726 756 858 807 itaque
891 753 1052 793 exhibet
1085 754 1153 795 lll.
1187 756 1345 794 Auctor

96 817 354 858 resolutiones
389 816 561 858 illorum
595 817 755 860 casuum
779 850 789 868 ,
821 818 964 871 quibus
984 849 995 868 ‚
1029 817 1159 871 posito
1192 830 1345 868 νηῒ-ι,

93 893 173 935 pro
205 893 228 920 n
259 882 413 922 valores
449 895 491 932 2,
529 895 571 934 3,
606 897 651 934 4,
687 892 731 934 5,
765 887 808 922 6.
844 882 1049 922 success'iue
1079 881 1345 922 assumuntur.

94 944 249 1001 Quibus
281 946 476 1000 expeditis
505 958 556 986 ex
588 946 931 1001 contemplatione
963 946 1238 987 formularum
1272 958 1346 999 pro

92 1008 156 1049 his
189 1009 335 1052 casibus
369 1019 578 1051 erutarum
612 1013 809 1064 insignem
844 1010 1005 1064 prorsus
1037 1021 1077 1051 et
1124 1011 1346 1051 attentione

92 1085 217 1125 quam
253 1076 433 1114 maxime
462 1075 626 1124 dignam
659 1075 792 1125 legem
830 1075 1111 1124 progressionis
1165 1076 1345 1126 detegere

92 1134 160 1175 Ill.
195 1135 368 1174 Auctori
403 1135 603 1180 contigit;
638 1134 774 1181 quodsi
808 1135 918 1169 enim
953 1135 982 1170 ii
1016 1135 1143 1181 casim,
1176 1134 1218 1172 in
1253 1138 1347 1188 qui-

87 1195 162 1236 bus
193 1206 218 1233 n
251 1191 406 1232 valores
440 1202 552 1244 pares
584 1193 767 1242 obtinet,
817 1191 862 1231 ab
912 1192 993 1243 iis,
1042 1193 1084 1233 in
1134 1195 1277 1248 quibus
1324 1210 1347 1237 n

90 1257 144 1298 est
177 1256 310 1309 impar
333 1286 344 1306 ‚
389 1256 615 1308 separentur
648 1265 690 1296 et
721 1255 868 1306 singuli
903 1257 1008 1297 casus
1042 1258 1203 1299 seorsim
1237 1261 1345 1302 inter

90 1321 128 1363 se
170 1321 453 1362 conserantur:
505 1320 769 1361 admiratione
820 1322 993 1361 omnino
1041 1322 1213 1375 dign-um
1257 1326 1344 1378 est,

88 1383 283 1426 formulas
318 1393 557 1424 memoratas
590 1387 730 1425 seriem
765 1395 1037 1426 recurrentem
1088 1390 1342 1440 constituere,

89 1449 203 1490 cuius
237 1457 277 1489 et
311 1448 406 1489 scala
440 1447 643 1489 relationis
676 1459 715 1489 et
751 1450 951 1489 terminus
984 1450 1180 1500 generalis
1225 1453 1342 1504 possit

89 1513 268 1554 exhiberi
290 1543 302 1563 ‚
351 1524 450 1565 quae
508 1515 667 1566 egregia
721 1515 940 1567 proprietas
976 1509 1072 1551 cum
1104 1513 1226 1553 initio
1260 1528 1340 1557 non

89 1577 162 1617 nifi
198 1587 269 1630 per
302 1575 576 1616 inductionem
627 1579 747 1618 fuerit
793 1575 972 1624 detect23
1025 1587 1074 1615 ne
1125 1576 1223 1616 huic
1275 1580 1340 1619 ni-

86 1641 223 1681 mium
257 1639 379 1679 tribui
430 1641 645 1691 videatur,
696 1642 816 1680 etiam
868 1637 1079 1689 analyticis
1132 1642 1339 1695 principiis

86 1716 162 1758 pro
190 1714 358 1756 Vtraque
390 1704 552 1744 casuum
588 1704 700 1746 classe
730 1705 776 1745 ab
812 1702 874 1744 111.
911 1704 1093 1743 Austore
1131 1717 1174 1746 ea
1229 1707 1334 1747 stabi-

86 1765 159 1809 lita
193 1770 366 1821 adeoque
400 1768 641 1809 inductionis
680 1768 800 1809 huius
833 1780 927 1808 cum
961 1768 1132 1808 veritate
1173 1772 1335 1811 consen-

84 1829 146 1872 sus
175 1833 302 1884 rigide
333 1832 386 1873 est
414 1832 718 1874 demonstratus.

233 1895 280 1937 In
314 1895 574 1949 adplicatione
610 1897 729 1938 liuius
763 1897 1078 1950 inuestigationis
1130 1900 1174 1940 ad
1226 1901 1335 1939 czisus

84 1957 265 2014 speciales
314 1960 511 2014 triangula
563 1963 816 2018 potissimum
870 1962 1041 2005 isoscelia
1094 1962 1332 2006 considerari

744 2027 767 2068 b
807 2038 832 2064 2
1245 2039 1334 2068 me·
