1856 2653
483 249 536 285 14
889 234 1001 285 2:22:ss
1034 230 1046 287 >
1081 245 1106 273 0
1141 228 1155 287 <
1187 231 1300 283 ee·-

474 346 604 399 ipfum
642 342 893 394 triangulum
918 373 930 394 ,
979 345 1025 384 ad
1058 345 1163 396 quod
1214 342 1442 398 pertinent,
1490 344 1712 384 construere

475 411 635 457 doceat3
691 407 729 446 id
766 407 870 459 quod
903 408 1217 447 commodissime
1251 408 1297 446 ad
1329 404 1610 447 resolutionem
1646 420 1712 447 ae-

473 471 667 525 quationis
699 471 852 511 cubicae
888 471 1107 520 perduxit,
1155 473 1267 511 cuius
1304 479 1435 508 ternae
1469 472 1612 509 radi-ces
1653 470 1714 510 la-

475 545 552 575 tera
588 534 777 586 trianguli
812 532 976 585 quaesiti
1012 535 1253 586 exprimant.
1337 533 1534 585 Inprimis
1575 542 1712 572 autem

475 607 692 638 memorata
741 597 834 636 haec
883 596 985 635 circa
1043 598 1282 648 positionem
1318 596 1561 648 punctorum
1596 596 1650 646 E,
1681 596 1713 636 F

474 672 512 701 et
561 663 622 712 H,
653 661 869 702 obseruatio
902 658 1214 700 Geometrarum
1249 660 1465 700 attentione
1495 662 1611 711 digna
1644 660 1714 709 est,

472 737 591 778 quam
624 725 797 778 lequenti
833 722 1080 763 theoremate
1111 724 1326 776 complecti
1358 723 1479 764 licet:
1513 724 1554 765 Si
1589 723 1715 762 trian-

471 788 569 840 gulo
616 790 839 840 cuicunque
871 786 1043 829 circulus
1077 787 1425 827 circumscribatur
1454 797 1493 827 et
1524 800 1545 826 a
1579 796 1715 827 centro

476 850 615 892 circuli
653 865 721 905 per
755 861 940 892 centrum
976 853 1183 903 grauitatis
1215 851 1408 902 trianguli
1457 850 1559 890 linea
1611 851 1715 890 reeta

473 917 712 969 producatur
737 947 747 964 ‚
801 916 924 956 donec
980 927 1068 969 pars
1104 915 1293 969 producta
1325 914 1451 968 duplo
1483 914 1612 954 maior
1647 913 1716 954 fiat

474 979 684 1020 interuallo
718 981 820 1018 inter
855 977 949 1019 haec
983 978 1102 1019 ambo
1134 989 1291 1020 centra:
1335 988 1425 1018 tum
1459 979 1542 1018 eius
1573 978 1717 1017 termi-

472 1056 546 1083 nus
577 1045 616 1082 iu
650 1056 697 1083 eo
732 1044 816 1096 ipso
851 1043 999 1094 puncto
1028 1043 1107 1082 erit
1138 1043 1233 1084 fitus
1256 1073 1267 1092 ‚
1300 1043 1367 1084 vbi
1403 1052 1510 1082 terna
1546 1053 1716 1095 perpen-

470 1108 598 1150 dicula
630 1119 678 1146 ex
712 1105 877 1158 singulis
914 1106 1105 1158 trianguli
1138 1106 1294 1159 angulis
1325 1108 1367 1147 in
1398 1104 1520 1147 latera
1553 1103 1717 1161 opposi-

471 1179 509 1212 ta
539 1171 697 1211 demissa
731 1171 804 1215 sese
836 1180 986 1212 mutuo
1018 1171 1262 1213 intersecant.

1063 1288 1137 1347 V.

676 1388 1107 1449 obseruationes
1151 1385 1517 1469 Analyticae.

609 1515 868 1575 Auctore
914 1518 977 1578 L.
1025 1516 1237 1576 Eulero
1279 1538 1404 1599 pag.
1455 1508 1564 1596 124

472 1663 546 1776 In
580 1672 768 1727 praesenti
803 1672 1067 1713 dissertatione
1098 1671 1165 1715 111.
1203 1673 1357 1716 Auel-or
1392 1675 1538 1726 legem.
1561 1683 1600 1714 et
1646 1688 1718 1717 na-

552 1746 685 1776 turam
747 1737 1020 1778 memorabilis
1077 1738 1288 1779 cuiusdam
1353 1739 1463 1778 seriei
1528 1738 1687 1790 indagat
1708 1771 1720 1790 ,

472 1812 571 1854 quae
605 1812 682 1838 non
718 1800 765 1839 ob
797 1802 1047 1842 reconditum
1085 1802 1206 1842 modo
1236 1833 1247 1851 ‚
1287 1813 1367 1855 quo
1396 1803 1518 1856 ipsius
1553 1804 1717 1844 termini

474 1863 816 1917 progrediuntur,
850 1866 1032 1905 ordinem
1055 1896 1065 1915 ‚
1100 1866 1161 1905 sed
1195 1866 1244 1905 ob
1277 1878 1365 1906 eam
1401 1879 1557 1920 quoque
1591 1868 1719 1907 ratio·

473 1939 566 1966 nem
622 1927 810 1978 peculiari
859 1937 1076 1970 attentione
1127 1930 1245 1980 digna
1297 1930 1348 1970 est
1374 1961 1384 1979 ‚
1436 1932 1540 1984 quod
1590 1933 1720 1972 varias

474 1990 687 2043 easque.in
724 1990 888 2042 Analyfi
924 1994 1059 2044 magni
1097 1993 1295 2033 momenti
1329 1994 1618 2035 obseruationes
1662 1997 1722 2036 fa-

472 2054 597 2094 ciendi
651 2055 905 2095 commodam
961 2057 1183 2111 suppeditat
1247 2057 1503 2100 occasionem.
1608 2058 1739 2099 Inter·

1581 2123 1719 2166 coeffi-
