1856 2653
379 158 997 234 FLVI'DORVM.
1226 207 1315 246 237

63 307 234 356 cadem,
284 317 326 346 ec
381 304 635 360 perspicuum
686 305 740 345 est
789 305 831 344 in
883 305 965 345 tubi
1008 305 1224 359 superioris
1257 308 1320 347 ad

63 372 238 410 annino
269 385 294 410 a
327 370 559 424 prcffiontm
596 370 794 410 maiorem
830 367 903 408 csse
958 368 1137 409 futuram
1191 383 1316 423 quain

62 435 104 474 in
141 436 317 475 termino
348 433 383 473 d.
450 434 583 488 Quam
614 435 663 474 ob
697 446 785 472 rem
820 432 994 473 fluidum
1030 447 1099 487 per
1135 433 1316 486 superio·

62 510 149 537 rem
184 498 245 539 ad
272 510 321 538 ax
354 498 512 549 regione
547 498 673 537 calida
707 499 746 537 iu
779 497 966 548 frigidam
1003 499 1160 538 moueri
1213 499 1316 537 inci-

61 564 175 616 pict;
224 562 292 602 Sin
323 571 457 602 autem
494 562 612 602 initio
646 574 721 615 pro
756 561 852 601 tubo
885 561 1078 615 superiori
1111 561 1172 601 ad
1206 574 1316 614 pres-

59 624 118 665 sio
155 625 263 664 vtriu
284 637 342 678 3ue
375 639 445 680 par
477 625 570 665 effct
592 657 603 677 ‚
639 635 729 665 tum
765 624 937 665 fluidum
971 638 1041 678 per
1080 626 1313 665 inferiorem

57 689 110 730 cb
141 702 190 730 cx
239 691 399 741 regione
449 691 590 741 frigida
640 691 681 729 in
731 689 901 730 calidam
955 689 1142 729 transibit.
1245 689 1313 732 Ex

56 754 200 805 quibus
249 753 490 806 colligitur,
545 755 909 807 quomodocunque
960 752 1136 793 fluidum
1189 753 1313 793 fucrit

54 817 290 870 dispositum
314 849 325 869 ‚
361 818 515 871 semper
548 818 589 856 in
626 819 788 869 regione
823 816 1016 869 superiori
1051 816 1214 855 fluxum
1258 829 1310 858 ex

51 890 166 933 parte
199 881 322 921 calida
355 883 395 922 iu
430 881 626 932 trigidum
650 911 660 931 ,
717 882 757 920 iu
801 881 964 932 regione
1006 881 1185 922 inferiori
1236 893 1312 920 au-

51 951 135 984 tem
170 946 332 985 fluxum
367 945 618 985 contrarium
654 956 705 984 ex
740 943 864 985 calida
899 953 1011 998 parte
1045 946 1087 985 in
1119 944 1309 996 frigidam

50 1009 148 1048 oriri
179 1009 329 1052 debere.

208 1078 245 1113 8.
278 1073 452 1124 Egregie
487 1073 582 1114 haec
615 1069 710 1114 cum
746 1074 995 1127 experientia
1036 1074 1310 1125 conuenitmt3

51 1133 81 1173 fi
114 1135 225 1174 enim
262 1147 327 1174 vas
361 1134 593 1175 huiusmodi
627 1137 714 1174 fatis
746 1136 934 1188 amplum
967 1149 1065 1187 aqua
1102 1136 1304 1188 repletum

50 1196 180 1238 altero
214 1207 373 1237 tautum
410 1198 531 1238 latere
563 1198 645 1239 AB
678 1199 761 1250 igni
796 1200 1084 1250 admouentur,
1120 1208 1163 1239 vt
1182 1211 1305 1253 aquae

49 1273 141 1312 pars
175 1260 271 1300 huic
305 1261 418 1300 lateri
456 1263 584 1302 vicina
615 1260 790 1302 calorem
825 1261 1063 1312 adipiscatur
1089 1291 1100 1311 ‚
1151 1263 1190 1300 in
1225 1275 1303 1315 op-

46 1323 172 1375 pofita
205 1333 343 1363 autem
380 1334 489 1375 parte
525 1323 611 1363 CD
647 1323 788 1373 frigida
825 1332 980 1362 maneat
1006 1353 1017 1372 ,
1068 1331 1160 1362 tum
1202 1336 1302 1365 mox

43 1386 245 1433 obseruare
281 1385 371 1424 licet
406 1386 444 1425 in
479 1384 687 1438 superficie
739 1385 921 1438 suprema
971 1398 1116 1440 aquam
1165 1389 1300 1427 conti-

41 1461 127 1490 nuo
159 1461 181 1488 a
217 1459 329 1501 parte
360 1448 483 1488 calida
518 1450 558 1487 in
595 1448 782 1498 frigidam
820 1450 1016 1500 proferri3
1065 1451 1171 1503 quod
1208 1451 1300 1493 ficri

41 1524 121 1553 non
162 1512 284 1565 postet
319 1512 390 1552 nist
426 1510 547 1550 simul
582 1512 686 1550 circa
728 1511 898 1551 fundum
950 1511 1085 1550 fluxus
1135 1524 1297 1555 coutra-

39 1577 125 1615 rius
155 1577 340 1615 oriretur.
408 1575 451 1615 Si
487 1573 562 1614 hoc
594 1574 715 1615 modo
748 1575 828 1627 pisa
862 1572 928 1615 vel
963 1575 1086 1615 lentes
1120 1576 1161 1616 in
1194 1590 1296 1631 aqua

38 1647 295 1693 coquantur,
345 1637 446 1678 dum
501 1651 567 1678 vas
617 1650 668 1678 ex
717 1650 794 1677 vna
845 1646 1006 1679 tantum
1059 1648 1169 1692 parte
1201 1642 1293 1683 vim

38 1703 144 1754 ignis
174 1703 382 1755 experitur
403 1733 414 1752 ‚
465 1701 532 1743 iste
569 1709 704 1742 morus
739 1701 873 1743 multo
907 1701 1060 1742 Facilius
1108 1705 1291 1755 agnosci-

38 1775 120 1819 πυτ,
219 1766 333 1806 Tum
382 1765 503 1806 etiam
552 1765 660 1806 idem
720 1764 1047 1818 phaenomenum
1095 1766 1137 1806 in
1197 1770 1289 1809 ae're

34 1829 224 1871 maxime
280 1832 492 1880 cernitur3
555 1830 654 1870 dum
703 1830 815 1870 enim
862 1829 1063 1870 conclauis
1112 1830 1288 1885 calefiusti

34 1893 156 1944 §anua
196 1894 239 1934 in
287 1894 475 1936 conclaue
524 1894 720 1946 frigidum
770 1895 984 1946 aperitur,
1034 1906 1135 1935 mox
1185 1896 1291 1936 aeris

37 1966 175 1999 motus
209 1969 279 2010 per
310 1968 520 2012 aperturae
554 1967 709 2012 partem
746 1958 949 1999 summam
973 1987 984 2008 ,
1020 1969 1072 1998 ex
1104 1958 1287 2000 conclaui

37 2020 166 2073 calido
198 2023 240 2065 in
275 2023 471 2076 trigidum
492 2052 504 2075 ‚
548 2034 625 2078 per
657 2019 848 2062 infimam
882 2030 1020 2063 autem
1052 2033 1104 2062 ex
1137 2021 1285 2075 frigido

165 2101 167 2105 ¹
664 2083 748 2138 Gg
785 2097 809 2134 2
1243 2087 1286 2127 in
