1856 2653
277 196 360 239 DE
394 186 861 236 CONGELATIONE
898 184 1198 229 MERCVRII.
1273 192 1358 234 303

266 307 466 364 Quamuis
498 305 624 358 igitur
670 301 849 357 partialis
900 299 1094 354 quaedam
1144 294 1367 348 congelatio

117 374 186 416 sub
218 373 324 414 dieto
356 372 514 422 frigoris
563 368 688 420 gradu
740 365 910 406 obtineri
962 371 1110 417 queat;
1162 373 1369 414 nunquam

119 447 253 478 tamen
289 436 501 476 secundum
537 432 810 486 experimenta
843 440 929 469 mea
952 459 962 479 ,
1007 424 1138 466 totalis
1174 424 1372 465 Mercurii

118 499 268 552 congel
264 510 346 541 itio
378 497 628 539 obtinebitur.
703 494 815 535 Nun
851 493 944 533 hacc
977 491 1175 531 maiorem
1209 488 1372 541 frigoris

117 565 291 616 gradum
324 564 365 603 in
397 564 486 601 ae're
520 567 755 611 regnantem
792 556 964 611 postulat
987 586 998 606 ,
1052 555 1225 606 gradum
1268 551 1375 594 scili-

119 638 180 668 cet
213 629 259 667 ad
297 627 519 667 minimum
557 630 669 674 185,
706 620 851 663 melius
893 633 995 670 190,
1035 628 1138 669 195,
1175 628 1263 656 200
1299 623 1376 655 etc.

118 691 288 744 Semper
321 691 459 732 ceteris
492 685 899 742 piribu5,1ucceffus
931 684 984 724 est
1018 695 1067 723 eo
1099 680 1262 729 melior,
1294 691 1378 733 quo

117 756 263 808 gradus
297 754 458 806 frigoris
491 751 683 793 naturalis
738 751 791 791 est
844 749 1005 796 maior,
1054 744 1162 798 quod
1213 744 1379 796 experi-

117 818 268 858 mentis
320 817 545 859 innumeris
601 824 860 867 compertum
913 809 1072 860 habeo,
1136 817 1176 848 et
1226 806 1380 850 confit-

117 890 291 924 matum.

269 972 335 1012 Ad
371 970 582 1012 successum
617 970 828 1025 optimum
864 977 904 1008 et
935 966 1098 1021 spiritus
1131 963 1231 1005 nitri
1272 962 1383 1018 opti-

120 1046 211 1077 mae
244 1045 360 1076 notae
394 1037 620 1091 requiritur
641 1066 653 1086 ‚
702 1034 853 1074 scilicet
886 1031 953 1072 vel
986 1032 1147 1084 spiritus
1180 1030 1281 1069 nitri
1318 1028 1387 1068 fu-

122 1110 237 1138 mans
270 1098 452 1139 Glauheri
474 1131 486 1149 ‚
536 1098 604 1138 vel
634 1110 735 1148 aqua
766 1098 878 1137 fortis
909 1096 1079 1148 optima.
1178 1092 1386 1133 Differen-

125 1161 226 1200 tiam
262 1161 371 1212 saepe
407 1162 479 1200 vix
513 1159 618 1198 inter
650 1159 840 1211 spiritum
875 1158 972 1197 nitri
1005 1156 1299 1197 Glauberianum
1346 1163 1387 1196 et

124 1235 272 1277 aquam
327 1223 473 1263 sortem
524 1222 706 1275 optimae
755 1230 871 1261 notae
920 1221 1214 1272 deprehendere
1255 1219 1387 1272 potui.

124 1286 231 1342 Quia
264 1295 398 1326 tamen
433 1298 532 1339 aqua
566 1285 680 1325 fortis
713 1286 895 1335 optimae
929 1290 1045 1322 notae
1096 1293 1177 1321 non
1229 1281 1387 1334 semper

124 1348 260 1389 haberi
294 1348 442 1401 potest;
473 1348 637 1400 spiritus
670 1346 766 1385 nitri
798 1346 956 1385 sumans
970 1342 1154 1385 Glauheri
1172 1355 1389 1398 praeroga-

124 1412 258 1452 tiuam
295 1411 442 1452 mereri
476 1410 650 1451 omnino
683 1410 858 1449 videtur.

277 1505 474 1547 Ceterum
496 1535 507 1552 ,
555 1506 743 1557 quamuis
791 1503 934 1544 multis
969 1505 1096 1557 captis
1128 1505 1389 1558 experimen-

129 1570 180 1610 tis
203 1599 215 1617 ,
254 1567 347 1610 oleo
380 1566 537 1609 vitrioli
563 1598 574 1616 ‚
629 1578 669 1608 et
699 1568 844 1622 spiritu
877 1567 966 1608 salis
999 1580 1208 1622 nunquam
1242 1579 1391 1620 conge-

130 1631 325 1673 lationem
361 1632 576 1685 producere
609 1636 817 1685 potuerim
843 1663 854 1681 ‚
906 1628 991 1685 (vti
1025 1633 1108 1672 iam
1143 1633 1185 1671 in
1217 1630 1392 1672 differta·

131 1696 242 1736 tione
276 1707 365 1735 mea
402 1695 528 1748 priori
564 1698 706 1736 monui
733 1728 744 1747 ,
784 1706 824 1736 et
857 1694 923 1737 hic
954 1697 1072 1736 nouis
1102 1695 1420 1748 experimentis?

130 1759 242 1801 {iustis
275 1757 518 1800 confirmare
550 1758 755 1813 poffumtu:
789 1769 925 1800 tamen
960 1759 1066 1800 mihi
1101 1758 1224 1799 semel
1259 1758 1393 1798 conti-

104 1823 193 1876 *git
215 1853 228 1871 ‚
277 1832 325 1863 vt
373 1824 531 1875 trigoris
581 1822 774 1864 naturalis
817 1823 943 1875 gradu
978 1823 1189 1875 insigniori
1225 1823 1265 1861 in
1300 1823 1392 1862 a'e‘re

131 1886 324 1927 existente
357 1885 501 1928 scilicet
536 1898 646 1939 2003
683 1888 916 1929 Mercurius
951 1886 1041 1929 licet
1084 1886 1319 1939 imperfecte.
1351 1893 1393 1925 et

131 1960 183 1989 ex
216 1960 349 2004 parte,
382 1949 498 1991 massa
530 1951 747 2003 frigorifica
781 1964 832 1992 ex
862 1951 1005 2004 spiritu
1040 1949 1395 1992 vinirectificatis-

132 2011 236 2055 fimo
267 2025 308 2054 et
347 2015 443 2054 niue
484 2013 658 2057 adhibita
692 2017 879 2068 recenti,
913 2014 1199 2068 congelaretur.
1302 2011 1392 2052 Nix

195 2076 235 2117 T
236 2089 319 2119 om
331 2078 408 2120 XI.
421 2078 533 2121 Nou.
542 2078 707 2122 Comm.
897 2079 986 2136 Qq
1258 2086 1390 2118 recens
