1856 2653
446 198 539 246 496
683 183 1461 232 INVESTIGATIO

447 310 528 349 sere
561 305 643 346 ae'ri
677 304 801 345 libero
833 301 1037 355 expositus
1070 300 1196 341 fuiss'et
1216 332 1227 351 ‚
1278 301 1388 353 prior
1422 311 1501 340 non
1543 299 1697 342 nonnisi

450 370 585 426 paucis
621 368 798 408 secundis
832 380 851 406 a
886 378 978 405 vera
1013 365 1274 405 Immerssone
1305 364 1514 416 discedere,
1547 364 1600 404 ast
1631 363 1698 407 vl..

453 436 550 476 tima
583 445 660 488 pro
693 431 807 472 dubia
841 439 910 471 aut
944 440 1107 472 erronea
1141 428 1311 468 habenda
1343 428 1406 469 est.

603 538 690 582 Cel.
730 538 950 592 [Vm-gemin
983 537 1266 591 promouendis
1300 537 1413 577 rebus
1462 534 1700 576 astronomi-

454 606 509 646 cis
567 604 720 645 studens
741 634 752 654 ‚
800 603 1119 643 communicauit
1155 613 1317 641 mecum
1350 601 1489 640 seriem
1521 599 1700 639 obserua-

454 669 619 708 tionum
670 669 711 707 in
760 665 925 708 diuersis
980 664 1075 706 locis
1116 665 1230 718 super
1265 665 1439 718 Eclipses
1472 661 1703 705 Satellitum

454 731 568 772 Iouis
604 730 799 771 mensibus
834 730 955 771 Iunio
975 761 986 781 ‚
1021 728 1161 779 Iulio,
1193 730 1376 780 Augusto
1405 737 1445 768 et
1479 725 1705 780 Septembri

456 795 718 846 habitarum,
752 806 803 833 ex
836 795 978 846 quibus
1011 794 1244 833 maximum
1278 793 1455 832 fruetum
1497 791 1541 830 in
1592 801 1706 843 prae-

456 859 556 899 senti
591 858 755 908 negotio
786 855 997 910 percepisse
1035 867 1100 894 me
1134 857 1270 895 fiiteor.
1369 855 1481 896 Nam
1515 864 1582 893 eae
1628 864 1708 893 non

459 930 620 962 tantum
669 918 770 959 binis
817 917 974 958 vltimis
1024 918 1367 972 correspondentes
1424 915 1709 965 continebant,

459 996 609 1026 verum
644 984 767 1022 etiam
799 981 1010 1024 dissensum
1043 982 1296 1021 Tabularum
1330 981 1417 1022 Cel.
1457 980 1547 1020 Viri
1581 991 1601 1018 a
1622 989 1708 1018 cae-

458 1048 501 1089 lo
522 1078 532 1097 ‚
585 1044 860 1098 patefaciebant
880 1075 891 1094 ‚
942 1044 992 1084 fic
1044 1053 1090 1082 vt
1125 1056 1264 1082 omnes
1298 1043 1469 1095 reliquas
1502 1044 1633 1081 secure
1665 1041 1713 1082 ad

460 1109 726 1156 definiendam
770 1107 1088 1157 Longitudinem
1121 1105 1380 1145 obseruatorii
1415 1104 1496 1144 mei
1530 1102 1713 1144 adhibere

460 1173 680 1233 potuerim,
747 1170 815 1216 Ex
848 1170 896 1209 iis
929 1170 975 1210 de
1009 1170 1145 1223 primo
1181 1167 1361 1209 Satellite
1394 1167 1590 1218 consti-tit,
1622 1167 1716 1208 Im-

463 1237 679 1280 mersiones
712 1238 796 1277 eius
830 1236 961 1274 mense
994 1234 1206 1284 Augusto,
1239 1241 1285 1272 vt
1318 1232 1550 1286 plurimum
1585 1231 1718 1272 conti·

462 1302 561 1353 gisse
594 1298 693 1347 40ss
727 1299 847 1341 citius
869 1328 879 1346 ,
914 1309 1035 1349 quam
1070 1295 1247 1336 calculus
1276 1296 1420 1336 indicat
1441 1327 1453 1347 ‚
1493 1296 1540 1336 de
1580 1296 1719 1336 secun-

465 1364 518 1410 do
550 1371 686 1404 autem
720 1367 926 1400 momenta
961 1358 1280 1399 Immerfionum
1333 1371 1413 1398 non
1463 1358 1535 1396 nifi
1584 1358 1721 1410 paucis

464 1426 639 1468 secundis
686 1423 878 1472 vtrinque
930 1430 950 1455 a
1002 1416 1157 1457 calculo
1202 1418 1428 1466 disceffisse,
1478 1419 1531 1458 fic
1579 1429 1626 1458 vt
1676 1423 1720 1461 in

468 1485 640 1534 eruenda
674 1481 894 1523 differentia
927 1480 1272 1529 meridianorum,
1310 1488 1517 1521 momenta
1539 1479 1718 1523 Immer-

469 1551 632 1599 fionum
668 1546 825 1587 secundi
859 1541 1046 1590 Satellitis
1096 1556 1116 1583 e
1164 1541 1305 1582 tabulis
1355 1545 1597 1597 depromta,
1646 1557 1722 1598 pro

469 1615 576 1656 veris
609 1623 706 1651 cum
738 1611 822 1665 ipso
855 1600 1095 1660 Wargemino
1129 1607 1294 1646 statuere
1325 1619 1406 1647 non
1438 1607 1630 1650 dubitem..

475 1720 521 1773 ζ-ξ.
541 1715 643 1759 Iulii
664 1715 788 1758 Imm.
810 1711 944 1756 ILSat
966 1715 1176 1759 exTab.ad
1197 1727 1294 1756 mer.
1305 1693 1388 1757 Par.
1444 1694 1498 1759 87³.
1539 1718 1598 1759 rs.
1612 1715 1720 1765 53²².

665 1779 791 1819 Imm.
821 1777 998 1817 eiusdem
1016 1777 1262 1831 Selenginski
1282 1781 1354 1822 obs.
1413 1794 1483 1830 14.
1516 1787 1586 1828 58.
1617 1788 1688 1827 35“.

665 1845 901 1892 Differentia
921 1850 1127 1894 meridiari,
1154 1851 1287 1904 prodit
1358 1853 1394 1895 Ι.
1448 1840 1593 1901 U.
1614 1867 1689 1903 42.

479 1929 523 1978 ἐξ.
543 1926 650 1983 Aug.
672 1926 798 1968 Imm.
818 1928 852 1969 Ι.
872 1927 951 1970 Sat.
972 1929 1019 1969 ad
1037 1930 1182 1972 Merid.
1202 1932 1315 1975 Paris.
1435 1927 1493 1983 3²².
1508 1933 1596 1981 50².
1612 1928 1722 1980 35¹4

666 1990 793 2039 Error
826 1991 1075 2035 Tabularum
1551 2019 1593 2025 —
1609 1993 1683 2044 40.

1387 2055 1587 2068 w„—

1555 2078 1724 2122 Immer.
