1856 2653
576 172 691 224 *ἦκ’-’ἒξ
723 174 738 222 )
773 184 799 212 0
837 170 850 226 (
883 172 997 222 ἓῖθὲψ
1314 186 1404 229 487

466 280 1093 326 INVESTIGATIO

195 371 1002 446 PARALLAXEOS
1073 372 1365 446 SOLIS

153 496 239 538 EX
280 494 737 537 OBSERVATIONE
780 494 1108 536 TRANSITVS
1151 496 1407 541 VENERIS

150 559 257 602 PER
295 558 516 600 DISCVM
552 558 706 601 SOLIS
739 557 1131 600 SELENGINSKI
1165 560 1407 613 HABITA,

267 621 541 665 COLLATA
575 622 702 664 CVM
743 622 1291 666 OBSERVATlONIBVS

503 686 664 730 ALIBI
699 685 1046 730 INSTITVTIS.

634 815 925 858 Auctore

325 926 749 971 STEPHANO
813 926 1260 972 RVMOVSKm-

144 1046 422 1160 Transitus
457 1063 622 1103 Veneris
661 1074 730 1114 per
765 1063 919 1103 discum
953 1061 1058 1103 Solis
1107 1075 1187 1104 non
1241 1064 1403 1104 raritate

283 1125 446 1176 solum,
481 1137 628 1166 verum
663 1126 785 1164 etiam
833 1126 1013 1167 Vtilitate
1064 1125 1129 1165 sua
1151 1159 1161 1178 ,
1212 1128 1404 1167 omnium

139 1186 322 1228 scientizie
356 1188 528 1230 fidet-alis
560 1189 769 1230 cultorum
803 1190 960 1229 animos
994 1191 1035 1229 in
1084 1189 1118 1229 sc
1169 1190 1403 1230 conuertit:

141 1249 375 1293 nobiliffimi
410 1254 526 1293 enim
556 1266 599 1294 ac
649 1252 866 1294 subtilitate
913 1254 983 1293 sua,
1029 1264 1175 1292 omncs!
1218 1253 1400 1306 ipsorum

137 1324 302 1355 conatus
337 1316 530 1357 haetenus
555 1317 756 1357 eludentis>
784 1315 977 1354 elementi
1006 1325 1150 1354 veram·
1197 1317 1400 1367 quantita-

136 1385 221 1417 tem
269 1389 320 1417 ex
370 1378 642 1419 obseruatione
695 1376 769 1415 hac
820 1387 963 1415 eruere
1001 1375 1069 1415 fibi
1106 1376 1399 1430 pollicebantur

136 1441 366 1479 astronomi.
463 1439 563 1479 Non
596 1449 741 1477 vanam
776 1435 884 1477 fuiss'e
918 1439 1098 1491 ipsorum
1135 1441 1244 1492 spem
1267 1471 1278 1490 ‚
1327 1455 1396 1482 nec

82 1517 84 1519 ¹
135 1500 337 1541 inutiliter
371 1500 583 1543 collocatos
615 1502 659 1542 in
692 1502 847 1542 strenue
880 1500 1098 1554 peragenda
1150 1502 1395 1545 obsematio-

134 1576 184 1604 ne
218 1563 366 1604 labores
387 1596 402 1616 ,
429 1574 598 1606 euentus
631 1565 884 1606 monstrauit.
952 1563 1207 1617 Compar-atis
1241 1568 1391 1608 etenim

135 1629 240 1668 inter
275 1629 309 1669 se
345 1628 534 1670 melioris(
557 1637 674 1669 notae
704 1628 1039 1669 obseruationibus
1060 1659 1072 1679 ‚
1104 1629 1263 1671 summa
1293 1644 1387 1672 cum

134 1693 373 1733 certitudine
424 1705 528 1733 nunc
577 1693 846 1748 pronunciare
900 1692 1082 1732 valemus
1105 1724 1116 1743 ‚
1167 1695 1389 1748 parali-axin

134 1753 240 1797 Solis
273 1757 425 1797 duobus
456 1759 536 1799 fere
566 1758 736 1798 minutis
770 1756 948 1798 secundis
982 1757 1186 1797 minorem
1221 1757 1295 1799 effe
1323 1770 1389 1809 ea,

131 1831 255 1873 quam
290 1819 494 1875 hucusque
526 1822 762 1863 Astronomi
796 1822 1032 1862 statuerunt..

281 1933 392 1977 Cum
427 1935 644 1978 Academia
673 1932 945 1976 scientiarum
980 1931 1205 1974 Parifienfi's-
1233 1941 1272 1971 et
1314 1930 1386 1973 So·

129 1998 245 2039 cieras
277 1999 535 2042 Londinenfis
568 2000 611 2041 in
643 1998 925 2042 remotissimas
958 1998 1102 2040 mundi
1144 2004 1275 2052 partes
1322 1996 1385 2036 oi-

1249 2059 1381 2100 versos
