1856 2653
576 247 688 298 ..02233
721 242 777 300 ᾗ
810 244 923 295 ἔρξω
1292 259 1308 284 1
1319 258 1343 285 0
1354 258 1376 293 3

266 351 748 414 SOLVTIO
818 350 1245 412 FACILIS

126 472 562 518 PROBLEMATVM
614 471 1001 529 QVORVMDAM
1043 470 1377 514 GEOMETRIQ

348 547 553 590 CORVM
589 543 1143 587 DIFFICILLIMORVM.

649 673 868 714 Auctore

508 769 554 809 L.
621 768 657 809 E
689 769 726 809 V
754 768 790 809 L
819 767 855 809 E
890 768 925 810 R
959 766 1011 808 O.

738 911 774 938 1.

180 992 203 1019 n
236 982 351 1023 omni
384 981 590 1034 triangulo
623 987 798 1034 quatuor
834 977 1090 1032 potiffimum
1109 978 1255 1017 dantur
1274 988 1380 1032 pun-

207 1045 267 1086 cta
288 1076 299 1097 ‚
333 1058 432 1100 quae
468 1047 509 1086 in
544 1044 779 1088 Geometria
816 1043 1054 1084 confiderari
1091 1041 1227 1082 solent.

251 1131 287 1157 1.
324 1118 556 1159 Inter-sectio
582 1129 803 1159 ternorum
839 1114 1248 1171 perpendiculorum,
1283 1126 1383 1168 quae

126 1193 178 1221 ex
210 1180 378 1230 finguhs
410 1182 569 1230 angulis
604 1183 645 1218 in
680 1180 802 1217 latera
839 1178 1021 1230 oppofita
1054 1178 1342 1217 demittuntur.

248 1264 286 1289 2.
340 1249 571 1290 Interfectio
629 1257 837 1288 ternarum
889 1247 1093 1285 rectarum
1122 1276 1134 1295 ,
1184 1259 1283 1298 quae
1331 1257 1384 1286 ex

130 1312 296 1364 finguliS
323 1310 480 1361 angulis
514 1309 655 1350 ductae
689 1307 812 1347 latera
845 1305 1028 1361 oppofita
1045 1307 1241 1358 bisecant3
1276 1308 1384 1364 quod

129 1373 330 1429 punctum
367 1372 492 1414 fimul
525 1373 580 1415 est
612 1380 801 1412 centrum
834 1372 1044 1424 grauitatis
1078 1370 1285 1424 trianguli.

247 1455 286 1492 3.
337 1441 571 1484 Interfec'tio
605 1452 815 1483 ternarum
847 1442 1076 1493 rectarum,
1111 1454 1212 1497 quae
1245 1441 1384 1496 fingu-

127 1506 186 1549 los
217 1505 384 1559 angulos
418 1507 602 1546 bifariam
633 1507 759 1545 secant
783 1537 794 1558 ‚
829 1507 871 1545 in
905 1507 1015 1559 quod
1049 1507 1249 1559 punctum
1283 1507 1384 1549 inci-

129 1572 189 1613 dit
219 1579 406 1610 centrum
439 1569 582 1611 circuI³i
619 1569 823 1621 triangulo
855 1569 1046 1624 inscripti.

248 1653 289 1689 4.
338 1638 568 1680 Interseffio
615 1648 823 1680 ternarum
875 1641 1079 1681 rectarum
1125 1639 1173 1681 ad
1228 1640 1382 1694 fingula

129 1702 253 1744 latera
290 1702 540 1744 normalium
574 1715 696 1757 eaque
728 1705 986 1746 bisecantium
1008 1735 1019 1756 ‚
1053 1703 1096 1744 in
1128 1714 1211 1758 quo
1230 1706 1383 1759 puncto

129 1769 329 1822 reperitur
367 1776 551 1808 centrum
586 1766 727 1811 circuli
766 1769 972 1822 triangul‘o
1005 1768 1317 1824 circumscripti.

269 1865 308 1891 2.
345 1852 413 1892 Ex
447 1850 509 1891 his
541 1862 716 1906 quatuor
747 1854 922 1907 punctis,
955 1853 986 1893 fi
1020 1855 1166 1894 dentur
1185 1852 1382 1907 posrtione

132 1923 242 1955 terna
274 1927 532 1970 quaecunque
553 1947 564 1967 ‚
596 1917 760 1958 euidens
794 1919 867 1969 est,
901 1917 1159 1969 triangulum
1191 1918 1281 1958 inde
1312 1918 1381 1959 de·

133 1980 373 2031 terminari,
411 1979 485 2021 nifi
520 1980 619 2021 forte
653 1981 722 2021 illa
757 1982 905 2036 puncta
941 1982 983 2022 in
1018 1995 1100 2022 vno
1134 1973 1348 2022 coalescant
1368 2012 1380 2032 ‚

133 2043 239 2096 quod
271 2056 369 2084 cum
402 2045 559 2085 eueniat
592 2046 633 2085 in
666 2046 871 2098 triangulo
903 2044 1170 2099 aequilatero,
1205 2045 1282 2087 hoc
1315 2058 1381 2086 ca·

133 2105 177 2146 su
226 2109 362 2149 omnia
396 2109 594 2164 triangula
627 2109 865 2166 aequilatera
897 2108 1137 2166 problemati
1169 2122 1291 2164 aeque
1324 2110 1383 2149 sa·-

1274 2173 1384 2214 tisfix-
