1856 2653
492 194 605 238 284.
791 187 1408 231 ADMIRANDO

492 301 634 354 glacies
668 300 885 352 dicuntur,
934 314 1055 354 quam
1090 303 1195 354 quod
1229 304 1376 353 ffigore
1409 299 1559 351 solida,
1608 299 1728 341 firma

491 375 530 405 et
563 367 660 405 dura
693 378 858 417 corpora
891 366 988 404 faeta
1022 363 1144 404 sunt?
1195 368 1315 407 Recte
1365 367 1493 415 igitur
1543 366 1729 404 omnibus

491 428 624 468 fluidis
645 460 655 479 ‚
687 431 959 481 cuiuscunque
994 427 1068 467 ssnt
1101 431 1253 479 generis
1276 461 1286 480 ‚
1328 429 1376 468 ol>
1409 429 1570 467 eandem
1604 429 1729 468 ratio·

491 504 584 531 nem
621 491 881 542 conglaciatio
916 505 1006 532 vera
1039 502 1078 531 et
1112 495 1273 545 propria
1305 492 1507 531 tribuenda
1538 492 1614 530 erit
1637 521 1647 540 ,
1699 488 1728 529 fi

489 554 637 605 frigore
672 555 767 594 fiant
800 555 917 595 firma
953 565 1070 608 atque
1103 557 1235 604 dura,
1288 558 1354 594 cui
1390 557 1498 593 enim
1533 555 1729 606 competit

488 618 670 658 definitio
693 649 703 668 ,
736 620 868 659 eidem
903 618 1118 658 definitum
1152 632 1310 672 quoque
1343 619 1420 657 erit
1462 619 1730 657 tribuendum.

487 680 561 722 Sed
597 682 730 733 prouti
764 682 886 721 fluida
921 682 1000 734 ipsa
1034 682 1122 721 sunt
1153 684 1302 722 diuersa
1323 713 1334 731 ‚
1380 681 1530 721 diuersa
1573 692 1732 734 quoque

487 755 630 784 eorum
663 743 802 794 glacies
837 745 923 783 fieri
957 744 1051 784 solet
1084 754 1122 783 et
1156 746 1267 785 debet
1288 776 1299 795 ,
1352 743 1446 784 hinc
1480 745 1607 785 oleosa
1640 756 1732 784 cor-

487 819 584 860 pora
617 807 765 857 frigore
799 808 979 846 indurata
1006 836 1017 856 ,
1064 810 1257 848 diuersam
1316 807 1489 859 glaciem·
1537 821 1559 848 a
1607 806 1734 859 glacie

488 881 684 922 aquarum
718 870 1003 921 repraesentant
1027 899 1037 918 ‚
1087 883 1187 922 quae
1220 883 1380 923 quoque
1412 872 1564 911 diuersa
1615 870 1732 923 phae-

487 944 657 972 nomena
691 931 875 972 exhibere
909 932 1037 982 solet3
1072 935 1131 972 vti
1167 933 1310 984 glacies
1344 935 1513 973 diuerlae
1554 934 1733 973 diuerso-

486 1007 583 1035 rum
620 995 868 1048 spirituum,
922 995 1171 1036 diuersarum
1217 996 1464 1037 solutionum
1515 996 1731 1036 salinarum

485 1067 525 1097 et
559 1059 731 1099 aliarum
763 1059 891 1098 testari
924 1070 1081 1110 quoque
1116 1058 1283 1112 possunt.
1361 1059 1435 1099 Sed
1469 1059 1629 1099 videtur
1659 1056 1732 1097 effe

486 1121 730 1160 attributum
766 1122 979 1172 proprium
1016 1121 1157 1168 glaciei
1180 1149 1191 1166 ‚
1235 1130 1365 1159 natare
1399 1122 1439 1158 in
1473 1120 1598 1161 fluido
1621 1152 1631 1171 ,
1680 1131 1733 1161 ex

485 1195 567 1236 quo
601 1191 687 1222 nata
721 1183 804 1231 est,
853 1183 952 1223 item
1006 1181 1186 1231 fragilem
1237 1181 1342 1232 effe,
1391 1195 1469 1223 non
1521 1182 1731 1224 ductilem.

486 1244 529 1287 Si
563 1245 610 1284 de
643 1257 840 1297 aquarum
875 1244 997 1296 glacie
1031 1245 1279 1295 intelligatur
1317 1246 1425 1298 prius
1448 1277 1461 1296 ‚
1492 1247 1652 1288 concedi
1687 1247 1732 1287 irr

487 1316 646 1347 tantum
683 1307 805 1360 potest
827 1336 838 1354 ,
889 1310 928 1345 in
963 1317 1160 1357 quantum
1195 1307 1305 1346 nulla
1338 1308 1484 1358 glacies
1529 1322 1579 1350 ex
1630 1322 1731 1362 aqua

485 1378 575 1410 nata
610 1368 674 1410 vel
710 1368 975 1419 naturaliter,
1027 1368 1092 1409 vel
1146 1378 1229 1409 arte
1281 1371 1506 1423 producta,
1556 1373 1601 1412 ad
1652 1371 1735 1412 hoc

485 1444 609 1486 Vsque
645 1441 804 1484 tempus
839 1441 1025 1485 reperta,
1075 1443 1173 1483 quae
1206 1445 1287 1471 non
1321 1435 1433 1484 aquis
1462 1435 1540 1473 suis
1590 1438 1731 1487 suptr-

485 1496 706 1545 natauerit‚
739 1495 798 1535 sed
832 1496 878 1534 ad
914 1492 1113 1534 effentiam
1148 1492 1288 1543 glaciei
1323 1506 1401 1533 non
1437 1496 1601 1547 spedista
1637 1506 1733 1549 pot-

484 1560 537 1599 est
572 1568 702 1598 natare
736 1567 776 1598 et
810 1570 889 1598 non
923 1566 1054 1596 natare
1077 1587 1086 1605 ‚
1120 1556 1172 1596 est
1205 1567 1244 1597 et
1280 1567 1416 1596 manet
1446 1557 1618 1611 glacies,
1660 1572 1729 1601 ne·-

483 1634 559 1675 que
593 1621 878 1674 desperandum
917 1629 1017 1672 puto
1048 1621 1130 1659 fore
1152 1651 1162 1668 ‚
1216 1628 1261 1660 vt
1295 1620 1373 1671 ipsa
1414 1620 1557 1672 glacies
1606 1634 1732 1676 aquae

483 1698 564 1725 non
601 1686 850 1737 supernatans
882 1684 1104 1736 reperiatur
1137 1692 1220 1722 arte
1253 1683 1404 1723 maiore
1425 1716 1436 1734 ‚
1487 1698 1608 1739 quam
1659 1687 1730 1727 ad-

484 1746 567 1787 huc
588 1777 598 1797 ,
631 1746 816 1787 adhibita.
918 1746 1064 1799 Neque
1096 1747 1225 1797 igitur
1260 1745 1399 1797 glaciei
1433 1760 1626 1802 aquarum
1662 1757 1726 1788 at-

484 1810 717 1860 tributum,
768 1809 830 1850 sed
882 1810 1023 1849 modus
1073 1809 1158 1860 est,
1209 1819 1248 1850 et
1300 1811 1473 1852 accidens
1515 1823 1646 1852 natare
1680 1812 1725 1851 in

443 1903 445 1905 -
484 1874 594 1926 aquis
635 1874 723 1913 suis.
808 1872 921 1913 Idem
957 1871 1091 1913 valere
1121 1885 1280 1927 quoque
1309 1875 1420 1915 debet
1451 1877 1498 1916 de
1531 1874 1725 1926 fragilita-

485 1945 554 1986 te,
587 1948 685 1990 quae
720 1935 884 1989 quidem
928 1937 1148 1990 proprietas
1200 1936 1337 1988 glaciei
1386 1951 1579 1992 aquarum
1602 1968 1612 1988 ‚
1663 1937 1724 1978 sed

484 1999 629 2042 modus
662 2008 703 2040 et
735 1998 1045 2041 extraeffentiale
1084 2000 1260 2055 respectu
1311 2000 1451 2055 glaciei
1501 2000 1726 2056 generatim

1564 2073 1732 2106 tantum
