1856 2653
574 204 726 258 »evm
769 215 795 245 0
832 199 847 259 (
879 202 994 256 ἓξὲ-
1357 212 1408 251 51

168 395 398 479 Eclipfis
460 397 595 454 Solis
652 313 877 477 insignis
908 370 987 454 ς(1.
1047 419 1086 454 1.
1136 395 1280 477 Apr.
1325 417 1413 457 an.

242 486 425 560 1764.
472 483 616 560 Styl.
669 484 823 542 Nov.
872 493 1049 561 temp.
1095 482 1203 540 civ.
1251 481 1349 540 ob-

284 558 291 565 ‘
415 567 652 625 seruatio
698 565 912 648 Lipsiae
960 565 1167 624 habita.

323 670 574 730 Au&0re
609 671 682 729 G.
716 670 943 736 Heinsio
976 690 1100 752 pag.
1140 689 1264 752 539.

740 821 840 880 IV.

168 900 605 965 obseruationes
670 905 882 984 aliquot
953 902 1220 964 coelest-es
1292 923 1420 964 ann.

276 995 426 1073 1705
473 1002 532 1048 et
580 992 758 1064 1766.
804 987 1018 1070 Lipsiae
1063 989 1302 1048 habitae.

255 1092 513 1152 A11&01·e
575 1093 667 1175 G.v
722 1091 956 1154 Heinsio
1019 1112 1145 1172 pag.
1202 1110 1338 1168 557.

171 1194 398 1306 Eclipsis
433 1204 570 1246 solaris
595 1234 605 1254 ‚
633 1215 733 1257 quae
763 1205 800 1244 d.
841 1217 879 1243 1.
915 1204 1050 1257 April.
1090 1217 1152 1245 an.
1200 1208 1333 1255 1764.
1376 1206 1425 1247 st.

298 1280 334 1306 n.
370 1268 542 1315 contigit
576 1276 615 1305 et
649 1265 763 1305 cuius
795 1265 953 1318 potiora
1004 1274 1210 1307 momenta
1261 1268 1303 1308 in
1351 1267 1427 1309 hac

169 1328 436 1373 dissertatione
455 1330 703 1369 recensentur
725 1359 736 1379 ,
771 1328 998 1370 obseruatio
1018 1330 1072 1370 ita
1099 1343 1120 1369 a
1139 1330 1226 1372 Cel.
1245 1331 1427 1373 Aue'tore

167 1392 320 1447 Lipsiae
352 1394 528 1434 instituta
563 1394 647 1444 est,
682 1402 729 1432 vt
765 1406 842 1433 non
877 1406 947 1447 per
982 1394 1125 1434 tubum
1163 1397 1285 1437 modo
1302 1397 1430 1437 astro·

170 1459 380 1510 nomicum
413 1461 595 1511 optimae
630 1467 745 1498 notae
785 1456 909 1497 solem
960 1459 1193 1499 immediate
1239 1470 1428 1502 contem-

170 1521 350 1576 piaretur
373 1553 384 1571 ‚
417 1523 476 1562 (ed
510 1523 632 1576 etiam
669 1523 710 1561 in
747 1522 922 1573 imagine
954 1521 1102 1571 solari,
1165 1535 1234 1576 per
1269 1523 1428 1565 machi-

169 1598 264 1626 nam
298 1585 603 1637 helioscopicam
638 1588 923 1639 repraesentata
943 1615 953 1634 ,
990 1585 1262 1639 phaenomena
1296 1589 1428 1629 obser-

170 1658 314 1700 varet3
363 1661 538 1702 cumque
591 1663 670 1690 non
722 1649 794 1703 ipsi
845 1649 978 1690 solum
1012 1649 1311 1703 obseruationi,
1365 1652 1427 1693 sed

174 1715 337 1767 praeuio
384 1715 509 1753 etiam
560 1714 678 1754 status
731 1713 1043 1764 horologiorum
1095 1716 1274 1755 examini
1311 1715 1429 1770 piena

172 1777 322 1819 fauiffet
355 1779 453 1819 coeli
489 1777 671 1817 serenitas
695 1810 706 1829 ,
739 1779 809 1818 has
841 1778 940 1831 ipsas
974 1778 1262 1833 obseruationes
1297 1781 1428 1838 inpri-

173 1843 251 1882 mis
285 1851 392 1896 aptas
424 1842 497 1882 effe
530 1843 712 1894 censuit,
762 1844 800 1882 in
835 1842 1009 1895 quibus,
1059 1842 1157 1895 quid
1190 1844 1237 1884 de
1294 1845 1429 1898 pretio

174 1905 356 1948 methodi
397 1907 670 1958 phaenomena
701 1905 911 1960 eclipsinm
942 1905 1134 1946 solarium
1168 1920 1245 1961 ope
1270 1908 1433 1949 machi-

174 1982 245 2009 nae
295 1969 574 2023 helioscopicae
619 1971 846 2012 obseruandi
903 1971 1153 2012 statuendum
1207 1973 1289 2023 fit,
1337 1974 1435 2016 data-

174 2045 293 2085 opera
346 2034 610 2085 imicssigaret.
710 2035 1037 2089 Repraesentauit
1093 2034 1190 2076 haec
1242 2038 1429 2077 machina

176 2096 422 2140 diametrum
473 2098 578 2143 Solis
626 2098 695 2141 sub
747 2099 1023 2152 magnitudine
1075 2113 1106 2150 4
1146 2101 1227 2154 dig.
1272 2105 1317 2150 εξ
1351 2102 1426 2142 lin.

803 2176 829 2217 g
866 2174 889 2203 2
1305 2165 1428 2205 meni}
