<?xml version="1.0" encoding="UTF-8"?>
<!DOCTYPE html PUBLIC "-//W3C//DTD XHTML 1.0 Transitional//EN"
    "http://www.w3.org/TR/xhtml1/DTD/xhtml1-transitional.dtd">
<html xmlns="http://www.w3.org/1999/xhtml" xml:lang="en" lang="en">
 <head>
  <title>
</title>
<meta http-equiv="Content-Type" content="text/html;charset=utf-8" />
  <meta name='ocr-system' content='tesseract 3.04.00' />
  <meta name='ocr-capabilities' content='ocr_page ocr_carea ocr_par ocr_line ocrx_word'/>
</head>
<body>
  <div class='ocr_page' id='page_1' title='image "./novicommentariac11impe_0607.png"; bbox 0 0 1856 2653; ppageno 0'>
   <div class='ocr_carea' id='block_1_1' title="bbox 357 172 1385 236">
    <p class='ocr_par' dir='ltr' id='par_1_1' title="bbox 357 172 1385 236">
     <span class='ocr_line' id='line_1_1' title="bbox 357 172 1385 236; baseline 0.003 -14"><span class='ocrx_word' id='word_1_1' title='bbox 357 172 835 222; x_wconf 88' lang='lat' dir='ltr'>ECLIPSIS</span> <span class='ocrx_word' id='word_1_2' title='bbox 898 177 1198 224; x_wconf 86' lang='lat' dir='ltr'>SOLIS.</span> <span class='ocrx_word' id='word_1_3' title='bbox 1302 195 1385 236; x_wconf 76' lang='lat'>541</span> 
     </span>
    </p>
   </div>
   <div class='ocr_carea' id='block_1_2' title="bbox 336 285 1204 347">
    <p class='ocr_par' dir='ltr' id='par_1_2' title="bbox 336 285 1204 347">
     <span class='ocr_line' id='line_1_2' title="bbox 336 285 1204 347; baseline 0 0"><span class='ocrx_word' id='word_1_4' title='bbox 336 288 456 347; x_wconf 83' lang='lat' dir='ltr'>AD</span> <span class='ocrx_word' id='word_1_5' title='bbox 500 285 1204 346; x_wconf 73' lang='lat' dir='ltr'>OBSERVATIONEM</span> 
     </span>
    </p>
   </div>
   <div class='ocr_carea' id='block_1_3' title="bbox 149 390 1392 621">
    <p class='ocr_par' dir='ltr' id='par_1_3' title="bbox 149 390 1392 621">
     <span class='ocr_line' id='line_1_3' title="bbox 149 390 1392 475; baseline -0.002 -21"><span class='ocrx_word' id='word_1_6' title='bbox 149 391 376 473; x_wconf 83' lang='lat' dir='ltr'>Eclipfis</span> <span class='ocrx_word' id='word_1_7' title='bbox 427 393 564 451; x_wconf 90' lang='lat' dir='ltr'>Solis</span> <span class='ocrx_word' id='word_1_8' title='bbox 617 390 671 449; x_wconf 89' lang='lat' dir='ltr'>d.</span> <span class='ocrx_word' id='word_1_9' title='bbox 718 415 763 454; x_wconf 91' lang='lat'>1.</span> <span class='ocrx_word' id='word_1_10' title='bbox 808 393 957 472; x_wconf 70' lang='lat' dir='ltr'>Apr,</span> <span class='ocrx_word' id='word_1_11' title='bbox 1002 391 1060 453; x_wconf 86' lang='lat' dir='ltr'>st.</span> <span class='ocrx_word' id='word_1_12' title='bbox 1110 413 1163 450; x_wconf 90' lang='lat' dir='ltr'>n.</span> <span class='ocrx_word' id='word_1_13' title='bbox 1212 405 1392 475; x_wconf 84' lang='lat' dir='ltr'>temp.</span> 
     </span>
     <span class='ocr_line' id='line_1_4' title="bbox 288 475 1256 558; baseline -0.001 -22"><span class='ocrx_word' id='word_1_14' title='bbox 288 477 431 536; x_wconf 87' lang='lat' dir='ltr'>ciuil.</span> <span class='ocrx_word' id='word_1_15' title='bbox 486 478 660 558; x_wconf 84' lang='lat'>1764.</span> <span class='ocrx_word' id='word_1_16' title='bbox 711 475 926 556; x_wconf 77' lang='lat' dir='ltr'>Lipsiae</span> <span class='ocrx_word' id='word_1_17' title='bbox 971 477 1256 557; x_wconf 65' lang='lat' dir='ltr'>peractam</span> 
     </span>
     <span class='ocr_line' id='line_1_5' title="bbox 519 559 1020 621; baseline -0.002 0"><span class='ocrx_word' id='word_1_18' title='bbox 519 559 1020 621; x_wconf 82' lang='lat' dir='ltr'>Additamentum.</span> 
     </span>
    </p>
   </div>
   <div class='ocr_carea' id='block_1_4' title="bbox 139 680 1399 2139">
    <p class='ocr_par' dir='ltr' id='par_1_4' title="bbox 139 680 1399 1312">
     <span class='ocr_line' id='line_1_6' title="bbox 290 680 1395 738; baseline -0.003 -12"><span class='ocrx_word' id='word_1_19' title='bbox 290 685 450 726; x_wconf 81' lang='lat' dir='ltr'>Potiora</span> <span class='ocrx_word' id='word_1_20' title='bbox 485 694 645 726; x_wconf 86' lang='lat' dir='ltr'>tantum</span> <span class='ocrx_word' id='word_1_21' title='bbox 680 683 953 738; x_wconf 75' lang='lat' dir='ltr'>phaenomena</span> <span class='ocrx_word' id='word_1_22' title='bbox 991 683 1110 724; x_wconf 79' lang='lat' dir='ltr'>hu&#39;us</span> <span class='ocrx_word' id='word_1_23' title='bbox 1131 680 1297 736; x_wconf 81' lang='lat' dir='ltr'>Ecl&#39;pfis</span> <span class='ocrx_word' id='word_1_24' title='bbox 1320 696 1395 723; x_wconf 85' lang='lat' dir='ltr'>nu-</span> 
     </span>
     <span class='ocr_line' id='line_1_7' title="bbox 143 747 1396 801; baseline 0 -15"><span class='ocrx_word' id='word_1_25' title='bbox 143 759 214 801; x_wconf 78' lang='lat' dir='ltr'>per</span> <span class='ocrx_word' id='word_1_26' title='bbox 249 748 454 800; x_wconf 77' lang='lat' dir='ltr'>indicaui,</span> <span class='ocrx_word' id='word_1_27' title='bbox 501 759 542 789; x_wconf 91' lang='lat' dir='ltr'>et</span> <span class='ocrx_word' id='word_1_28' title='bbox 575 762 626 789; x_wconf 84' lang='lat' dir='ltr'>cx</span> <span class='ocrx_word' id='word_1_29' title='bbox 657 749 993 789; x_wconf 78' lang='lat' dir='ltr'>obieruationibus</span> <span class='ocrx_word' id='word_1_30' title='bbox 1014 779 1025 799; x_wconf 92' lang='lat'>,</span> <span class='ocrx_word' id='word_1_31' title='bbox 1072 759 1147 801; x_wconf 91' lang='lat' dir='ltr'>ope</span> <span class='ocrx_word' id='word_1_32' title='bbox 1191 747 1396 787; x_wconf 71' lang='lat' dir='ltr'>machinae</span> 
     </span>
     <span class='ocr_line' id='line_1_8' title="bbox 141 810 1398 868; baseline -0.001 -18"><span class='ocrx_word' id='word_1_33' title='bbox 141 811 425 868; x_wconf 70' lang='lat' dir='ltr'>heliostopicae</span> <span class='ocrx_word' id='word_1_34' title='bbox 463 825 730 863; x_wconf 73' lang='lat' dir='ltr'>memoratae,</span> <span class='ocrx_word' id='word_1_35' title='bbox 764 812 874 852; x_wconf 68' lang='lat' dir='ltr'>fastis</span> <span class='ocrx_word' id='word_1_36' title='bbox 906 823 995 851; x_wconf 88' lang='lat' dir='ltr'>eam</span> <span class='ocrx_word' id='word_1_37' title='bbox 1032 810 1292 852; x_wconf 72' lang='lat' dir='ltr'>solummodo</span> <span class='ocrx_word' id='word_1_38' title='bbox 1325 822 1398 849; x_wconf 84' lang='lat' dir='ltr'>ex-</span> 
     </span>
     <span class='ocr_line' id='line_1_9' title="bbox 142 873 1396 931; baseline -0.001 -18"><span class='ocrx_word' id='word_1_39' title='bbox 142 874 290 928; x_wconf 73' lang='lat' dir='ltr'>hibui,</span> <span class='ocrx_word' id='word_1_40' title='bbox 325 890 423 931; x_wconf 77' lang='lat' dir='ltr'>quae</span> <span class='ocrx_word' id='word_1_41' title='bbox 456 879 725 930; x_wconf 72' lang='lat' dir='ltr'>quantitatem</span> <span class='ocrx_word' id='word_1_42' title='bbox 760 873 931 927; x_wconf 84' lang='lat' dir='ltr'>Eclipfis</span> <span class='ocrx_word' id='word_1_43' title='bbox 966 875 1241 914; x_wconf 77' lang='lat' dir='ltr'>manifestauit.</span> <span class='ocrx_word' id='word_1_44' title='bbox 1286 873 1396 914; x_wconf 86' lang='lat' dir='ltr'>Cum</span> 
     </span>
     <span class='ocr_line' id='line_1_10' title="bbox 140 937 1399 993; baseline -0.001 -16"><span class='ocrx_word' id='word_1_45' title='bbox 140 949 278 979; x_wconf 82' lang='lat' dir='ltr'>autem</span> <span class='ocrx_word' id='word_1_46' title='bbox 329 942 465 993; x_wconf 79' lang='lat' dir='ltr'>plures</span> <span class='ocrx_word' id='word_1_47' title='bbox 497 941 595 980; x_wconf 74' lang='lat' dir='ltr'>aliae</span> <span class='ocrx_word' id='word_1_48' title='bbox 628 939 916 981; x_wconf 74' lang='lat' dir='ltr'>obseruationes</span> <span class='ocrx_word' id='word_1_49' title='bbox 950 939 1084 977; x_wconf 83' lang='lat' dir='ltr'>eadem</span> <span class='ocrx_word' id='word_1_50' title='bbox 1121 937 1302 978; x_wconf 81' lang='lat' dir='ltr'>machina</span> <span class='ocrx_word' id='word_1_51' title='bbox 1338 939 1399 977; x_wconf 83' lang='lat' dir='ltr'>in-</span> 
     </span>
     <span class='ocr_line' id='line_1_11' title="bbox 140 1001 1397 1059; baseline -0.002 -16"><span class='ocrx_word' id='word_1_52' title='bbox 140 1003 296 1044; x_wconf 83' lang='lat' dir='ltr'>sttutae</span> <span class='ocrx_word' id='word_1_53' title='bbox 326 1004 476 1043; x_wconf 69' lang='lat' dir='ltr'>fuerint</span> <span class='ocrx_word' id='word_1_54' title='bbox 499 1036 510 1054; x_wconf 93' lang='lat'>,</span> <span class='ocrx_word' id='word_1_55' title='bbox 563 1017 662 1059; x_wconf 85' lang='lat' dir='ltr'>quae</span> <span class='ocrx_word' id='word_1_56' title='bbox 699 1002 925 1057; x_wconf 79' lang='lat' dir='ltr'>pleniorem</span> <span class='ocrx_word' id='word_1_57' title='bbox 978 1001 1146 1055; x_wconf 84' lang='lat' dir='ltr'>Eclipfis</span> <span class='ocrx_word' id='word_1_58' title='bbox 1197 1002 1397 1052; x_wconf 86' lang='lat' dir='ltr'>cognitio-</span> 
     </span>
     <span class='ocr_line' id='line_1_12' title="bbox 139 1064 1396 1119; baseline -0.001 -14"><span class='ocrx_word' id='word_1_59' title='bbox 139 1078 233 1105; x_wconf 82' lang='lat' dir='ltr'>nem</span> <span class='ocrx_word' id='word_1_60' title='bbox 267 1068 452 1119; x_wconf 86' lang='lat' dir='ltr'>praebere</span> <span class='ocrx_word' id='word_1_61' title='bbox 473 1097 484 1116; x_wconf 91' lang='lat'>‚</span> <span class='ocrx_word' id='word_1_62' title='bbox 524 1076 563 1106; x_wconf 87' lang='lat' dir='ltr'>et</span> <span class='ocrx_word' id='word_1_63' title='bbox 598 1068 719 1107; x_wconf 78' lang='lat' dir='ltr'>variis</span> <span class='ocrx_word' id='word_1_64' title='bbox 753 1065 951 1104; x_wconf 84' lang='lat' dir='ltr'>methodis</span> <span class='ocrx_word' id='word_1_65' title='bbox 987 1078 1062 1118; x_wconf 92' lang='lat' dir='ltr'>pro</span> <span class='ocrx_word' id='word_1_66' title='bbox 1094 1064 1396 1106; x_wconf 71' lang='lat' dir='ltr'>deduc‘tionibus</span> 
     </span>
     <span class='ocr_line' id='line_1_13' title="bbox 141 1128 1390 1183; baseline -0.001 -13"><span class='ocrx_word' id='word_1_67' title='bbox 141 1129 359 1170; x_wconf 71' lang='lat' dir='ltr'>formandis</span> <span class='ocrx_word' id='word_1_68' title='bbox 392 1130 580 1170; x_wconf 84' lang='lat' dir='ltr'>inseruire</span> <span class='ocrx_word' id='word_1_69' title='bbox 638 1128 812 1183; x_wconf 77' lang='lat' dir='ltr'>poffint3</span> <span class='ocrx_word' id='word_1_70' title='bbox 860 1130 1068 1180; x_wconf 78' lang='lat' dir='ltr'>expediet,</span> <span class='ocrx_word' id='word_1_71' title='bbox 1115 1141 1176 1169; x_wconf 83' lang='lat' dir='ltr'>eas</span> <span class='ocrx_word' id='word_1_72' title='bbox 1230 1129 1294 1168; x_wconf 91' lang='lat' dir='ltr'>hic</span> <span class='ocrx_word' id='word_1_73' title='bbox 1348 1129 1390 1169; x_wconf 85' lang='lat' dir='ltr'>in</span> 
     </span>
     <span class='ocr_line' id='line_1_14' title="bbox 141 1191 1398 1246; baseline -0.002 -13"><span class='ocrx_word' id='word_1_74' title='bbox 141 1195 325 1234; x_wconf 82' lang='lat' dir='ltr'>medium</span> <span class='ocrx_word' id='word_1_75' title='bbox 362 1195 540 1246; x_wconf 85' lang='lat' dir='ltr'>proferre</span> <span class='ocrx_word' id='word_1_76' title='bbox 562 1226 574 1246; x_wconf 89' lang='lat'>,</span> <span class='ocrx_word' id='word_1_77' title='bbox 622 1203 662 1234; x_wconf 84' lang='lat' dir='ltr'>et</span> <span class='ocrx_word' id='word_1_78' title='bbox 683 1224 696 1244; x_wconf 81' lang='lat'>,</span> <span class='ocrx_word' id='word_1_79' title='bbox 744 1194 794 1234; x_wconf 82' lang='lat' dir='ltr'>ad</span> <span class='ocrx_word' id='word_1_80' title='bbox 825 1191 1094 1234; x_wconf 66' lang='lat' dir='ltr'>conclusiones</span> <span class='ocrx_word' id='word_1_81' title='bbox 1136 1193 1361 1235; x_wconf 82' lang='lat' dir='ltr'>formandas</span> <span class='ocrx_word' id='word_1_82' title='bbox 1383 1222 1398 1243; x_wconf 76' lang='lat'>,</span> 
     </span>
     <span class='ocr_line' id='line_1_15' title="bbox 140 1258 457 1312; baseline 0.006 -14"><span class='ocrx_word' id='word_1_83' title='bbox 140 1268 250 1312; x_wconf 79' lang='lat' dir='ltr'>aptas</span> <span class='ocrx_word' id='word_1_84' title='bbox 285 1258 457 1300; x_wconf 84' lang='lat' dir='ltr'>reddere.</span> 
     </span>
    </p>

    <p class='ocr_par' dir='ltr' id='par_1_5' title="bbox 139 1320 1397 2078">
     <span class='ocr_line' id='line_1_16' title="bbox 290 1320 1397 1373; baseline -0.003 -11"><span class='ocrx_word' id='word_1_85' title='bbox 290 1323 469 1363; x_wconf 77' lang='lat' dir='ltr'>Aduersa</span> <span class='ocrx_word' id='word_1_86' title='bbox 501 1322 692 1363; x_wconf 80' lang='lat' dir='ltr'>valetudo</span> <span class='ocrx_word' id='word_1_87' title='bbox 723 1322 840 1362; x_wconf 89' lang='lat' dir='ltr'>vsum</span> <span class='ocrx_word' id='word_1_88' title='bbox 878 1322 1003 1362; x_wconf 89' lang='lat' dir='ltr'>huius</span> <span class='ocrx_word' id='word_1_89' title='bbox 1044 1320 1249 1362; x_wconf 81' lang='lat' dir='ltr'>machinae</span> <span class='ocrx_word' id='word_1_90' title='bbox 1299 1331 1397 1373; x_wconf 77' lang='lat' dir='ltr'>por·</span> 
     </span>
     <span class='ocr_line' id='line_1_17' title="bbox 139 1382 1397 1436; baseline -0.001 -13"><span class='ocrx_word' id='word_1_91' title='bbox 139 1383 262 1424; x_wconf 82' lang='lat' dir='ltr'>tatilis</span> <span class='ocrx_word' id='word_1_92' title='bbox 312 1386 514 1431; x_wconf 79' lang='lat' dir='ltr'>suaserat,</span> <span class='ocrx_word' id='word_1_93' title='bbox 565 1383 636 1433; x_wconf 90' lang='lat' dir='ltr'>qui</span> <span class='ocrx_word' id='word_1_94' title='bbox 673 1394 747 1433; x_wconf 87' lang='lat' dir='ltr'>pro</span> <span class='ocrx_word' id='word_1_95' title='bbox 788 1382 986 1425; x_wconf 72' lang='lat' dir='ltr'>domicilii</span> <span class='ocrx_word' id='word_1_96' title='bbox 1037 1385 1297 1436; x_wconf 88' lang='lat' dir='ltr'>conditione,</span> <span class='ocrx_word' id='word_1_97' title='bbox 1345 1382 1397 1423; x_wconf 89' lang='lat' dir='ltr'>ob</span> 
     </span>
     <span class='ocr_line' id='line_1_18' title="bbox 139 1443 1396 1497; baseline 0 -12"><span class='ocrx_word' id='word_1_98' title='bbox 139 1447 314 1486; x_wconf 72' lang='lat' dir='ltr'>nimiam</span> <span class='ocrx_word' id='word_1_99' title='bbox 350 1446 454 1485; x_wconf 82' lang='lat' dir='ltr'>Solis</span> <span class='ocrx_word' id='word_1_100' title='bbox 488 1454 677 1496; x_wconf 89' lang='lat' dir='ltr'>tempore</span> <span class='ocrx_word' id='word_1_101' title='bbox 710 1443 882 1496; x_wconf 84' lang='lat' dir='ltr'>Eclipfis</span> <span class='ocrx_word' id='word_1_102' title='bbox 920 1446 1177 1486; x_wconf 79' lang='lat' dir='ltr'>altitudinem</span> <span class='ocrx_word' id='word_1_103' title='bbox 1200 1477 1211 1497; x_wconf 88' lang='lat'>‚</span> <span class='ocrx_word' id='word_1_104' title='bbox 1264 1445 1396 1486; x_wconf 79' lang='lat' dir='ltr'>mole-</span> 
     </span>
     <span class='ocr_line' id='line_1_19' title="bbox 139 1506 1396 1560; baseline -0.002 -10"><span class='ocrx_word' id='word_1_105' title='bbox 139 1510 218 1551; x_wconf 88' lang='lat' dir='ltr'>stus</span> <span class='ocrx_word' id='word_1_106' title='bbox 252 1507 380 1549; x_wconf 82' lang='lat' dir='ltr'>fuisset</span> <span class='ocrx_word' id='word_1_107' title='bbox 401 1539 412 1559; x_wconf 94' lang='lat'>,</span> <span class='ocrx_word' id='word_1_108' title='bbox 447 1506 520 1547; x_wconf 83' lang='lat' dir='ltr'>nisi</span> <span class='ocrx_word' id='word_1_109' title='bbox 555 1506 760 1550; x_wconf 78' lang='lat' dir='ltr'>machinae</span> <span class='ocrx_word' id='word_1_110' title='bbox 795 1506 920 1548; x_wconf 76' lang='lat' dir='ltr'>{itum</span> <span class='ocrx_word' id='word_1_111' title='bbox 955 1509 1180 1550; x_wconf 88' lang='lat' dir='ltr'>immotum</span> <span class='ocrx_word' id='word_1_112' title='bbox 1204 1540 1214 1560; x_wconf 91' lang='lat'>,</span> <span class='ocrx_word' id='word_1_113' title='bbox 1246 1510 1396 1550; x_wconf 83' lang='lat' dir='ltr'>duran-</span> 
     </span>
     <span class='ocr_line' id='line_1_20' title="bbox 142 1571 1396 1626; baseline -0.002 -12"><span class='ocrx_word' id='word_1_114' title='bbox 142 1582 180 1614; x_wconf 83' lang='lat' dir='ltr'>te</span> <span class='ocrx_word' id='word_1_115' title='bbox 211 1571 343 1626; x_wconf 82' lang='lat' dir='ltr'>aliqua</span> <span class='ocrx_word' id='word_1_116' title='bbox 376 1571 649 1613; x_wconf 87' lang='lat' dir='ltr'>obseruatione</span> <span class='ocrx_word' id='word_1_117' title='bbox 670 1601 684 1622; x_wconf 81' lang='lat'>‚</span> <span class='ocrx_word' id='word_1_118' title='bbox 731 1571 1008 1614; x_wconf 76' lang='lat' dir='ltr'>concili-assem.</span> <span class='ocrx_word' id='word_1_119' title='bbox 1097 1573 1280 1614; x_wconf 77' lang='lat' dir='ltr'>Fit-mata</span> <span class='ocrx_word' id='word_1_120' title='bbox 1314 1573 1396 1625; x_wconf 83' lang='lat' dir='ltr'>igi·</span> 
     </span>
     <span class='ocr_line' id='line_1_21' title="bbox 143 1634 1395 1691; baseline -0.002 -13"><span class='ocrx_word' id='word_1_121' title='bbox 143 1646 210 1678; x_wconf 87' lang='lat' dir='ltr'>tur</span> <span class='ocrx_word' id='word_1_122' title='bbox 262 1635 480 1687; x_wconf 83' lang='lat' dir='ltr'>machina,</span> <span class='ocrx_word' id='word_1_123' title='bbox 530 1636 756 1688; x_wconf 82' lang='lat' dir='ltr'>imaginem</span> <span class='ocrx_word' id='word_1_124' title='bbox 797 1634 903 1677; x_wconf 84' lang='lat' dir='ltr'>Solis</span> <span class='ocrx_word' id='word_1_125' title='bbox 936 1636 976 1676; x_wconf 91' lang='lat' dir='ltr'>in</span> <span class='ocrx_word' id='word_1_126' title='bbox 1012 1637 1125 1677; x_wconf 88' lang='lat' dir='ltr'>vitro</span> <span class='ocrx_word' id='word_1_127' title='bbox 1157 1636 1395 1691; x_wconf 88' lang='lat' dir='ltr'>semipellu-</span> 
     </span>
     <span class='ocr_line' id='line_1_22' title="bbox 140 1699 1396 1754; baseline -0.001 -12"><span class='ocrx_word' id='word_1_128' title='bbox 140 1702 230 1743; x_wconf 88' lang='lat' dir='ltr'>cido</span> <span class='ocrx_word' id='word_1_129' title='bbox 263 1700 407 1740; x_wconf 86' lang='lat' dir='ltr'>leniter</span> <span class='ocrx_word' id='word_1_130' title='bbox 442 1709 597 1740; x_wconf 90' lang='lat' dir='ltr'>motam</span> <span class='ocrx_word' id='word_1_131' title='bbox 634 1700 853 1754; x_wconf 83' lang='lat' dir='ltr'>prosequi,</span> <span class='ocrx_word' id='word_1_132' title='bbox 883 1709 940 1753; x_wconf 22' lang='lat' dir='ltr'>*et</span> <span class='ocrx_word' id='word_1_133' title='bbox 973 1702 1219 1754; x_wconf 67' lang='lat' dir='ltr'>ope-,circini</span> <span class='ocrx_word' id='word_1_134' title='bbox 1253 1699 1396 1743; x_wconf 79' lang='lat' dir='ltr'>scalae-</span> 
     </span>
     <span class='ocr_line' id='line_1_23' title="bbox 140 1762 1394 1820; baseline -0.001 -15"><span class='ocrx_word' id='word_1_135' title='bbox 140 1777 219 1820; x_wconf 89' lang='lat' dir='ltr'>que</span> <span class='ocrx_word' id='word_1_136' title='bbox 253 1764 516 1817; x_wconf 86' lang='lat' dir='ltr'>geometricae</span> <span class='ocrx_word' id='word_1_137' title='bbox 535 1795 547 1815; x_wconf 89' lang='lat'>,</span> <span class='ocrx_word' id='word_1_138' title='bbox 578 1765 730 1817; x_wconf 82' lang='lat' dir='ltr'>partim</span> <span class='ocrx_word' id='word_1_139' title='bbox 761 1762 976 1816; x_wconf 78' lang='lat' dir='ltr'>distantiam</span> <span class='ocrx_word' id='word_1_140' title='bbox 1005 1777 1174 1806; x_wconf 85' lang='lat' dir='ltr'>cornuum</span> <span class='ocrx_word' id='word_1_141' title='bbox 1194 1765 1262 1806; x_wconf 81' lang='lat' dir='ltr'>vel</span> <span class='ocrx_word' id='word_1_142' title='bbox 1280 1763 1394 1805; x_wconf 87' lang='lat' dir='ltr'>chor-</span> 
     </span>
     <span class='ocr_line' id='line_1_24' title="bbox 140 1828 1395 1883; baseline -0.002 -13"><span class='ocrx_word' id='word_1_143' title='bbox 140 1829 227 1870; x_wconf 82' lang='lat' dir='ltr'>dam</span> <span class='ocrx_word' id='word_1_144' title='bbox 259 1828 425 1877; x_wconf 67' lang='lat' dir='ltr'>desecilus·</span> <span class='ocrx_word' id='word_1_145' title='bbox 446 1860 456 1879; x_wconf 93' lang='lat'><strong>‚</strong></span> <span class='ocrx_word' id='word_1_146' title='bbox 492 1830 641 1883; x_wconf 82' lang='lat' dir='ltr'>partim</span> <span class='ocrx_word' id='word_1_147' title='bbox 677 1828 938 1870; x_wconf 86' lang='lat' dir='ltr'>latitudinem</span> <span class='ocrx_word' id='word_1_148' title='bbox 974 1830 1202 1870; x_wconf 84' lang='lat' dir='ltr'>maximam</span> <span class='ocrx_word' id='word_1_149' title='bbox 1236 1828 1395 1882; x_wconf 88' lang='lat' dir='ltr'>portio-</span> 
     </span>
     <span class='ocr_line' id='line_1_25' title="bbox 143 1890 1393 1948; baseline -0.002 -14"><span class='ocrx_word' id='word_1_150' title='bbox 143 1896 204 1935; x_wconf 87' lang='lat' dir='ltr'>nis</span> <span class='ocrx_word' id='word_1_151' title='bbox 254 1892 347 1933; x_wconf 86' lang='lat' dir='ltr'>disci</span> <span class='ocrx_word' id='word_1_152' title='bbox 399 1893 545 1936; x_wconf 85' lang='lat' dir='ltr'>Solaris</span> <span class='ocrx_word' id='word_1_153' title='bbox 579 1906 659 1934; x_wconf 91' lang='lat' dir='ltr'>non</span> <span class='ocrx_word' id='word_1_154' title='bbox 693 1893 917 1935; x_wconf 84' lang='lat' dir='ltr'>obscuratae</span> <span class='ocrx_word' id='word_1_155' title='bbox 947 1890 1088 1946; x_wconf 83' lang='lat' dir='ltr'>(quam</span> <span class='ocrx_word' id='word_1_156' title='bbox 1113 1901 1267 1948; x_wconf 81' lang='lat' dir='ltr'>partem</span> <span class='ocrx_word' id='word_1_157' title='bbox 1300 1892 1393 1934; x_wconf 87' lang='lat' dir='ltr'>luci-</span> 
     </span>
     <span class='ocr_line' id='line_1_26' title="bbox 140 1954 1392 2014; baseline -0.002 -17"><span class='ocrx_word' id='word_1_158' title='bbox 140 1956 227 1998; x_wconf 85' lang='lat' dir='ltr'>dam</span> <span class='ocrx_word' id='word_1_159' title='bbox 279 1955 439 2014; x_wconf 84' lang='lat' dir='ltr'>vocabo)</span> <span class='ocrx_word' id='word_1_160' title='bbox 482 1958 522 1998; x_wconf 91' lang='lat' dir='ltr'>in</span> <span class='ocrx_word' id='word_1_161' title='bbox 555 1957 677 1998; x_wconf 66' lang='lat' dir='ltr'>electa</span> <span class='ocrx_word' id='word_1_162' title='bbox 712 1954 888 2010; x_wconf 85' lang='lat' dir='ltr'>Eclipfis</span> <span class='ocrx_word' id='word_1_163' title='bbox 923 1955 1033 2010; x_wconf 85' lang='lat' dir='ltr'>phafi</span> <span class='ocrx_word' id='word_1_164' title='bbox 1070 1958 1207 1998; x_wconf 87' lang='lat' dir='ltr'>metiri</span> <span class='ocrx_word' id='word_1_165' title='bbox 1240 1956 1392 2008; x_wconf 90' lang='lat' dir='ltr'>licuit,</span> 
     </span>
     <span class='ocr_line' id='line_1_27' title="bbox 140 2021 1389 2078; baseline -0.002 -15"><span class='ocrx_word' id='word_1_166' title='bbox 140 2033 220 2078; x_wconf 74' lang='lat' dir='ltr'>pro</span> <span class='ocrx_word' id='word_1_167' title='bbox 251 2033 331 2076; x_wconf 91' lang='lat' dir='ltr'>eo,</span> <span class='ocrx_word' id='word_1_168' title='bbox 366 2032 412 2065; x_wconf 81' lang='lat' dir='ltr'>vt</span> <span class='ocrx_word' id='word_1_169' title='bbox 444 2022 539 2066; x_wconf 85' lang='lat' dir='ltr'>haec</span> <span class='ocrx_word' id='word_1_170' title='bbox 572 2021 640 2065; x_wconf 84' lang='lat' dir='ltr'>vel</span> <span class='ocrx_word' id='word_1_171' title='bbox 674 2021 745 2064; x_wconf 82' lang='lat' dir='ltr'>illa</span> <span class='ocrx_word' id='word_1_172' title='bbox 777 2021 962 2075; x_wconf 86' lang='lat' dir='ltr'>operatio</span> <span class='ocrx_word' id='word_1_173' title='bbox 992 2022 1140 2065; x_wconf 87' lang='lat' dir='ltr'>certior</span> <span class='ocrx_word' id='word_1_174' title='bbox 1168 2021 1389 2064; x_wconf 78' lang='lat' dir='ltr'>videretur,</span> 
     </span>
    </p>

    <p class='ocr_par' dir='ltr' id='par_1_6' title="bbox 750 2083 1393 2139">
     <span class='ocr_line' id='line_1_28' title="bbox 750 2083 1393 2139; baseline -0.005 0"><span class='ocrx_word' id='word_1_175' title='bbox 750 2086 793 2130; x_wconf 89' lang='lat' dir='ltr'><strong>Y</strong></span> <span class='ocrx_word' id='word_1_176' title='bbox 818 2097 843 2138; x_wconf 81' lang='lat' dir='ltr'>y</span> <span class='ocrx_word' id='word_1_177' title='bbox 863 2096 892 2139; x_wconf 75' lang='lat' dir='ltr'><strong>y</strong></span> <span class='ocrx_word' id='word_1_178' title='bbox 928 2097 952 2136; x_wconf 78' lang='lat' dir='ltr'>a</span> <span class='ocrx_word' id='word_1_179' title='bbox 1332 2083 1393 2125; x_wconf 85' lang='lat' dir='ltr'>Vt</span> 
     </span>
    </p>
   </div>
  </div>
 </body>
</html>
