1856 2653
251 189 610 237 FRIGORE
662 190 1205 235 ARTIFICIALI.
1274 202 1361 245 287

118 306 310 347 tenorum
344 307 530 359 proxime
562 304 608 344 ad
642 304 744 345 illud
792 307 977 358 accedat,
1025 305 1053 344 si
1108 319 1128 345 a
1179 306 1329 345 matina
1354 338 1364 357 ‚

115 368 414 419 semimetallo‚
464 368 601 409 abhinc
653 370 787 422 paucis
839 372 949 410 annis
1001 370 1040 408 in
1076 370 1265 409 Anici-ica
1300 371 1363 407 in-

115 445 238 474 vento
267 432 502 486 diicefferis,
533 433 647 472 cuius
682 433 835 486 pondus
869 434 1099 487 spccificum
1135 434 1181 473 ad
1217 444 1363 485 aquam

114 497 188 536 effe
219 497 366 536 dicitur
399 505 445 537 vt
484 503 568 537 182
590 510 599 537 z
625 500 918 546 10:13221.
985 496 1135 553 Quodsi
1171 506 1364 536 numerus

114 561 271 600 medius
307 572 380 612 pro
410 561 559 614 punsto
598 561 883 613 congelationis
936 562 1133 603 Mercurii
1182 565 1363 601 iuinatur

114 626 232 673 650,
287 634 364 664 erit
414 624 638 664 voluminis
688 626 912 665 diminutio
958 627 1053 666 fac‘m
1090 624 1271 674 {541}-
1305 622 1364 662 sui

111 697 257 739 parte,
291 687 464 742 adeoque
496 689 647 742 pondus
676 690 760 727 eius
799 687 1028 741 specificum
1063 689 1227 728 austum
1259 698 1364 738 quo-

114 763 192 803 que
226 754 337 799 ῑζ--ι-
362 753 389 801 ,⁵3
424 752 482 792 sui
519 762 629 805 parte
662 753 769 803 erit,
799 751 946 793 scilicet
979 753 1024 791 ab
1056 764 1100 791 ea
1133 749 1362 790 extensione

110 813 175 853 seu
211 813 428 855 volumine
449 848 462 867 ‚
499 818 606 868 quod
640 815 757 855 habet
797 816 839 854 in
872 814 1003 855 calore
1036 826 1158 868 aquae
1192 812 1368 854 bullien-

113 878 196 927 tis;
254 878 313 919 sed
358 891 379 918 a
429 878 643 920 volumine
696 878 905 930 temperiei
958 890 1081 931 aquae
1116 879 1157 917 in
1191 876 1363 928 glaciem

111 940 288 980 abeuntis
321 941 364 987 2¹5.
463 940 700 995 Concipitur
738 950 779 980 et
812 942 1055 995 supponitur
1085 941 1288 981 nimirum
1322 942 1364 980 in

111 1003 435 1046 Thermomctro
468 1013 550 1045 tota
581 1005 698 1046 masth
732 1005 931 1047 Mercurii
965 1005 1088 1047 diuisa
1124 1004 1164 1043 in
1194 1016 1365 1055 10000,

112 1065 208 1106 hinc
259 1069 402 1118 gradus
442 1069 479 1107 Τ
484 1068 752 1108 hermomctri
784 1069 874 1109 sunt
910 1078 1036 1121 partes
1065 1068 1193 1108 decies
1227 1066 1367 1108 mille-

114 1129 234 1169 simae
267 1131 548 1169 contrae'tionis
581 1139 623 1168 et
673 1132 983 1170 condens-ationis
1032 1131 1262 1180 Mercurii,
1309 1131 1366 1171 ita

46 1196 50 1197 ’
113 1201 162 1233 vt
191 1204 225 1231 e.
259 1205 298 1244 g.
344 1196 491 1243 gradus
545 1205 645 1232 200.
698 1193 844 1232 indicet
893 1194 1237 1234 condensationem
1286 1192 1363 1234 effe

112 1255 255 1297 factam
288 1257 334 1304 ῥα.
401 1255 512 1296 Nam
546 1257 887 1303 &3351535135
919 1251 1022 1308 (ᾗ).
1100 1250 1117 1259 “

261 1350 414 1392 Merito
445 1348 512 1388 hic
543 1348 750 1401 quaer'tur
772 1377 784 1398 ‚
817 1347 922 1389 vnde
955 1357 1064 1390 tanta
1097 1347 1148 1388 fit
1181 1345 1373 1406 latitudo,¹

109 1424 210 1466 quae
243 1413 357 1454 illius
390 1407 536 1454 ratio?
586 1411 748 1452 forsitan
780 1424 861 1452 non
893 1426 972 1454 vna
1005 1414 1059 1453 est
1079 1443 1090 1462 ‚
1137 1412 1198 1452 sed
1232 1412 1369 1466 plures

110 1487 369 1516 concurrunt.
451 1475 565 1516 Nam
618 1475 804 1526 primum
848 1486 898 1515 ex
930 1476 1198 1528 superioribus
1232 1476 1368 1515 mani-

109 1540 252 1580 festum
287 1541 340 1580 est
361 1569 374 1590 ‚
430 1536 684 1580 M<rcurium
720 1549 799 1577 non
831 1538 985 1592 iemper
1019 1539 1225 1589 integrum
1259 1536 1370 1579 fuiffe

111 1601 367 1654 congelatum
389 1632 401 1651 ,
434 1602 495 1643 sed
528 1610 685 1654 partem
720 1600 919 1642 maiorem
943 1633 954 1653 ,
989 1603 1245 1643 minoremue
1271 1601 1369 1641 flui-

112 1667 205 1707 dam
241 1664 453 1720 perstitisse.
539 1664 677 1705 Maior
711 1664 842 1716 igitur
875 1666 1129 1707 condensatio
1162 1674 1202 1705 et
1244 1666 1369 1706 volu-

113 1729 236 1781 minjs
288 1729 482 1772 Mercurii
530 1728 751 1770 diminutio
799 1729 896 1770 siritu
947 1729 996 1770 fit
1048 1729 1192 1769 necesse
1236 1729 1289 1769 est
1325 1730 1369 1769 in

112 1793 388 1845 congelatione
424 1792 535 1846 plena
560 1822 571 1842 ,
618 1804 744 1844 quam
792 1793 834 1833 in
888 1792 1079 1847 partiali,
1137 1793 1370 1834 Mercurius

112 1857 242 1908 igitur
275 1858 316 1897 in
353 1855 509 1911 partiali
539 1855 812 1907 congelatione
847 1866 933 1898 tam
967 1856 1161 1912 profunde
1211 1856 1371 1897 descen-

113 1920 206 1962 dere
236 1934 318 1963 non
353 1921 489 1975 potuit
516 1931 639 1975 quam
673 1920 716 1961 in
750 1918 880 1961 totali.
922 1948 924 1951 ψ
980 1920 1140 1962 Deinde
1174 1920 1215 1960 in
1251 1920 1367 1961 totali

514 1993 520 1998 ·
1258 1996 1362 2037 quo-

162 2078 225 2131 ζ’)
248 2083 322 2122 vid.
349 2082 535 2119 Memoires
561 2082 603 2118 de
628 2085 678 2119 M.
707 2085 764 2117 De
790 2082 900 2117 L'Isle
927 2094 1003 2132 pag.
1033 2087 1110 2130 207.
1143 2089 1178 2116 et
1205 2080 1295 2127 seqq.
