1856 2653
251 196 335 241 DE
369 192 838 240 CONGELATIONE
873 194 1176 239 MERCVRII.
1254 209 1341 247 307

94 310 223 353 adhuc
257 311 353 351 fasta
386 312 438 353 est
458 342 469 362 ‚
501 318 569 350 aut
601 308 733 362 aliqua
764 308 984 361 corruptio.
1062 308 1209 358 Frigus
1242 309 1341 347 arti-

96 373 223 416 ficiale
258 388 327 427 per
363 376 587 415 mistionem
636 373 779 413 finium
827 383 922 411 cum
974 373 1066 411 niue
1115 372 1184 410 ioli
1238 383 1341 422 quo-

94 451 172 491 que
224 439 410 479 solutioni
459 436 531 476 effe
582 437 841 477 tribuendum
895 446 965 489 per
1016 435 1051 475 se
1081 434 1340 484 intelligitur.

94 503 213 557 Quod
246 503 292 541 ad
328 502 522 543 Mercurii
559 500 733 542 indolem
783 499 924 539 attinet
946 529 956 549 ‚
1004 500 1126 538 ctiam
1179 496 1339 550 purissi-

94 577 185 604 mus
235 566 433 617 congelari
484 563 613 616 solet,
664 565 768 621 quod
817 564 940 602 etiam
993 564 1033 602 in
1074 560 1339 602 dissertatione

94 629 176 670 iam
231 630 403 681 monui,
453 638 491 668 et
542 629 685 668 multis
735 627 1023 681 experimentis
1073 627 1196 678 captis
1236 635 1340 663 nunc

91 692 306 732 confirmo.
403 692 584 733 Adhibui
639 693 749 734 enim
784 689 1055 731 ‘Mercurium
1091 701 1170 729 non
1206 686 1339 727 solum

90 755 398 797 reuiuificatum
426 769 477 795 ex
511 756 753 807 sublimato,
799 755 858 795 [ed
891 753 1013 796 etiam
1049 764 1100 792 ex
1141 750 1343 793 cinnabari

91 818 348 860 destillatum.
436 821 503 861 Ex
536 820 722 860 omnibus
756 827 891 857 autem
925 816 1049 868 captis
1082 815 1342 868 experimen,-

90 882 140 931 tis
175 882 278 921 mihi
313 884 512 932 innotuit,
545 882 810 923 differentiam
846 878 962 924 illam
996 877 1069 919 effe
1089 887 1342 931 perpetuam,

87 955 166 1001 qua
201 945 434 999 Mercurius>
460 945 693 1001 puriffimus
725 943 864 998 paullo
896 942 1104 984 difficilius
1155 940 1341 992 congele-

89 1017 157 1048 tur
179 1038 190 1058 ,
223 1021 346 1062 quam
381 1009 617 1050 ordinarius.
704 1008 906 1067 Quamuis
940 1007 1040 1048 hanc
1072 1004 1340 1048 disti-:rentiam

88 1073 211 1114 etiam
246 1072 328 1112 iam
364 1073 405 1112 in
441 1085 528 1116 mea
564 1074 699 1125 priore
729 1072 995 1111 differt-atione
1046 1068 1343 1117 indicauerim3

91 1143 223 1176 tamen
258 1143 353 1173 tunc
387 1134 582 1186 temporis
611 1134 790 1174 nondum
827 1143 960 1175 certus
1006 1144 1118 1174 eram
1139 1165 1150 1184 ,
1197 1139 1345 1172 vtrum

89 1196 186 1239 haec
219 1197 439 1239 differentia
472 1196 562 1237 effet
597 1206 789 1250 perpetua
812 1225 824 1246 ‚
857 1209 904 1236 an
941 1208 1032 1247 non.
1104 1197 1344 1249 Perpetuam

90 1271 228 1301 autem
261 1259 336 1300 effe
356 1290 367 1310 ,
415 1258 556 1301 multis
586 1259 875 1312 experimentis
909 1270 1014 1298 nunc
1042 1259 1096 1298 est
1125 1258 1345 1304 confirma-

90 1334 195 1367 tum.
292 1321 472 1364 Forsitan
530 1332 695 1374 propter
738 1321 934 1361 maiorem
975 1319 1192 1362 densitaten
1235 1320 1343 1362 calor

90 1387 133 1427 in
182 1384 390 1425 Mercurio
431 1384 643 1437 puriffimo
675 1393 757 1424 tam
790 1384 872 1426 cito
904 1383 1084 1423 diminui
1124 1384 1267 1437 nequit
1304 1391 1345 1422 et

89 1449 236 1491 amitti.
303 1448 549 1498 Cogitatum:
583 1448 746 1500 quidam
784 1447 1042 1487 Mercurium
1074 1448 1256 1492 forfitam
1275 1445 1344 1489 vel

90 1514 141 1553 ob
173 1511 484 1564 impuritatem,
518 1510 585 1550 vel
619 1510 670 1550 ob
702 1509 926 1552 admixtam
965 1510 1171 1551 Mercurio
1199 1522 1345 1563 aquam

91 1573 323 1627 congelari,
357 1573 417 1613 sed
450 1572 681 1626 hypothesis
704 1602 716 1622 ,
748 1586 870 1626 quam
904 1573 1068 1626 quidam
1104 1573 1345 1625 sumserunt,

92 1640 145 1684 est
179 1637 403 1687 falsissima,
431 1649 597 1678 omnem
631 1638 673 1678 in
708 1636 940 1690 corporibus
975 1636 1064 1676 fieri
1099 1636 1345 1690 congelatio-

92 1715 187 1747 nem
220 1702 271 1742 ob
301 1713 446 1755 aquam
478 1710 718 1742 contentam.
786 1700 895 1742 Nam
937 1701 1163 1743 Mercurius
1197 1713 1347 1754 quam·-

91 1768 160 1807 diu
195 1766 342 1806 fluidus
371 1763 423 1804 est
443 1794 454 1814 ‚
496 1765 550 1805 est
582 1777 658 1819 pro
691 1766 775 1806 fuso
806 1764 973 1806 metallo
1003 1765 1201 1807 habendus
1221 1795 1232 1815 ‚
1283 1765 1349 1809 vti

93 1843 192 1884 aqua
228 1841 304 1883 pro
335 1827 459 1880 glacie
491 1829 582 1869 fusa.
681 1830 754 1872 Vti
802 1829 931 1881 igitur
977 1827 1131 1883 reliqua
1183 1827 1347 1869 metalla

94 1895 208 1942 susa,
261 1904 386 1944 neque
419 1891 468 1932 ob
501 1893 783 1947 impuritatem
835 1893 1036 1947 quandam
1059 1924 1070 1945 ‚
1121 1903 1250 1946 neque
1297 1892 1347 1934 ob.

96 1968 242 2010 aquam
284 1956 332 1996 iis
383 1955 587 1998 admistam
640 1957 700 1998 scd
749 1956 827 1998 sola
877 1955 1019 1997 caloris
1071 1956 1346 1997 diminutione

96 2019 232 2065 rursus
263 2019 383 2061 firma
418 2018 549 2073 fiunt3
598 2019 652 2061 fic
683 2032 845 2073 quoque
885 2020 1145 2063 Mercurium
1195 2020 1348 2071 frigore

663 2084 743 2141 Qq
780 2097 803 2123 2
1250 2080 1349 2123 infi-
