1856 2653
487 220 578 258 3¹4
726 201 1501 249 SVPPLEMENTA

482 322 627 375 graius
659 333 782 374 quazn
817 322 864 362 ad
899 320 1191 374 congclandum
1229 321 1482 363 Mercurium
1515 319 1743 374 requiritur

486 386 610 426 adesse
664 386 811 439 postu,
859 398 986 440 eoque
1036 385 1263 427 densicrem
1308 386 1565 428 Mercurium
1600 387 1748 437 faciat,

486 453 548 491 vti
588 453 627 490 in
659 452 748 490 aere
783 451 931 502 saepius
966 451 1096 492 maior
1118 482 1129 502 ‚
1171 464 1292 504 quam
1327 453 1372 491 ad
1425 448 1746 500 congelationem

484 526 607 567 aquae
649 514 872 567 requiritur
901 546 912 567 ‚
945 515 1066 555 ade-sse
1101 515 1228 564 solet3
1280 517 1343 554 vti
1390 517 1430 555 in
1482 509 1748 555 dissertatione

485 591 576 619 mea
613 580 738 632 priori
776 580 858 617 iam
895 580 1065 620 monui:
1120 578 1201 618 fine
1234 591 1369 619 errore
1405 579 1602 618 terminus
1655 590 1748 618 me-

484 643 572 683 dius
595 675 605 694 ,
640 655 764 697 quem
798 643 838 682 iu
869 644 1135 684 dissertatione
1169 656 1258 684 mea
1293 644 1405 698 posui
1441 648 1548 691 650.
1583 642 1749 682 retineri

485 709 646 763 potest,
678 719 807 761 quum
843 717 881 747 et
915 710 990 748 alia
1032 710 1309 762 experimenta
1361 708 1437 748 sint
1458 740 1468 759 ,
1518 707 1590 760 qui
1645 707 1755 747 hunc

486 782 714 812 termnum
751 771 923 810 iudicare
959 774 1160 813 videntur.
1232 770 1345 811 Nam
1381 773 1428 812 ad
1465 781 1569 819 550.
1599 771 1755 824 {hepius

485 837 686 877 descensus
719 832 913 885 regularis
947 836 999 874 est
1035 836 1140 874 mihi
1174 835 1401 874 obseruatus
1435 846 1526 875 ante
1572 834 1719 874 saltum
1741 865 1756 886 ,

486 901 584 954 quin
619 897 739 939 semel
776 910 936 952 quoque
966 900 1013 939 ad
1049 904 1139 939 600
1175 899 1280 937 visus
1332 900 1384 939 est
1407 930 1419 949 ,
1464 910 1564 951 quae
1615 909 1754 938 tamen

486 963 638 1005 Vltima
672 962 895 1004 obseruatio
925 962 1041 1002 dub³a
1076 962 1204 1005 videri
1241 964 1365 1015 potest
1387 993 1398 1013 ‚
1429 962 1625 1016 quoniam
1658 963 1755 1002 vni-

485 1041 529 1070 ca
581 1027 647 1068 est.
747 1025 846 1066 Non
896 1029 1024 1078 igitur
1081 1030 1243 1071 videtur
1277 1025 1345 1067 hic
1380 1027 1579 1066 terminus
1613 1027 1753 1065 minor

485 1091 603 1133 statui
626 1121 637 1141 ,
672 1101 800 1141 neque
832 1092 957 1129 etiam
993 1090 1130 1129 multo
1164 1090 1294 1127 maior
1327 1101 1452 1142 quam
1491 1094 1600 1137 650.
1638 1087 1753 1128 Nam

485 1168 563 1211 pro
593 1152 769 1193 descensu
806 1150 1023 1204 irregulari
1059 1152 1144 1205 post
1178 1149 1327 1191 saltum
1367 1152 1632 1205 praecipitem
1684 1152 1754 1191 iu-

486 1231 531 1259 re
562 1228 728 1257 centum
763 1217 908 1266 gradus
946 1217 1152 1256 numerari
1206 1214 1377 1268 possunt.
1477 1214 1553 1257 Sed
1604 1224 1753 1257 vtrum

486 1280 557 1323 hie
614 1280 812 1321 terminus
874 1279 1072 1320 descensus
1135 1279 1313 1319 vltimus
1363 1278 1537 1331 gradum
1589 1269 1754 1332 frigori&

488 1357 650 1400 quoque
689 1344 834 1383 indicet
886 1342 1085 1384 Mercurii
1136 1342 1257 1394 gelati
1309 1350 1348 1380 et
1400 1342 1546 1392 firmi,
1614 1343 1756 1395 quaeri

487 1410 616 1465 potest
648 1417 688 1448 et
720 1407 928 1457 dubitari,
978 1407 1040 1446 vti
1071 1407 1154 1445 iam
1212 1406 1255 1443 in
1301 1403 1569 1446 differtatione
1618 1408 1758 1460 priore

489 1485 649 1528 quoque
686 1472 841 1511 monui.
941 1468 1271 1510 Contractionem
1305 1468 1501 1510 Mercurii
1535 1481 1617 1509 non
1660 1483 1752 1511 am·-

491 1537 601 1592 plius
635 1535 797 1586 frigoris
831 1531 1056 1574 mensuram
1094 1531 1167 1571 effe
1202 1530 1309 1585 poffe
1332 1562 1343 1583 ‚
1393 1544 1518 1585 quam
1564 1533 1756 1585 primum

493 1599 774 1652 irregulariter
806 1607 847 1637 et
881 1609 978 1637 cum
1011 1595 1110 1644 saltu
1148 1596 1356 1649 praecipiti
1408 1596 1637 1636 descendere
1691 1598 1757 1638 in-

492 1666 590 1719 cipit
611 1696 623 1715 ,
672 1675 742 1717 per
790 1662 824 1702 se
857 1671 975 1715 patet.
1069 1660 1247 1701 Tamdiu
1283 1660 1410 1712 igitur
1444 1669 1604 1701 tantum
1641 1660 1758 1703 Mer-

495 1730 601 1770 curii
635 1727 835 1767 descensus
867 1726 1094 1765 mensuram
1131 1724 1291 1776 frigoris
1322 1734 1473 1765 certam
1517 1725 1756 1767 constituere

497 1791 709 1834 censendus
738 1791 791 1830 est
811 1821 821 1839 ‚
863 1802 987 1843 quam
1021 1790 1089 1828 diu
1121 1790 1174 1830 est
1204 1788 1416 1840 regularis.
1512 1789 1627 1841 Ergo
1659 1801 1756 1841 gra-

498 1860 571 1901 dus
610 1867 698 1904 550
734 1854 948 1895 certissime
981 1854 1211 1893 mensuram
1244 1854 1404 1905 frigoris
1437 1852 1617 1908 praebere
1658 1863 1754 1907 pot·

498 1922 584 1972 est,
633 1920 827 1973 quoniam
862 1918 1014 1972 saepius
1048 1919 1088 1958 in
1122 1919 1410 1971 experimentis
1446 1917 1545 1958 meis
1581 1917 1752 1960 Mercu-

499 1986 616 2031 rium
647 1983 695 2025 ad
729 1983 836 2026 hunc
869 1983 1096 2026 terminum
1127 1981 1367 2037 regulariter
1400 1980 1629 2025 descendisse
1660 1992 1751 2023 ante

1614 2047 1750 2103 impe-
