1856 2653
305 202 387 244 DE
421 194 890 243 CONGELATIONE
930 198 1231 243 MERCVRH.
1301 215 1388 251 309

144 316 233 355 dere
266 314 442 367 incipit,
474 321 514 352 et
547 311 742 352 terminus
764 342 775 361 ‚
814 311 860 351 ad
893 322 1014 363 quem
1048 309 1242 351 descendit
1262 342 1273 360 ‚
1325 313 1389 352 vel

141 380 208 421 vbi
242 378 463 419 descendere
496 378 536 416 in
566 375 839 427 congelatione
882 374 1036 414 desinit.
1122 374 1268 424 Ingens
1318 388 1389 414 cx-

139 443 462 496 pcrimentorum
498 451 692 479 numerus
725 440 777 479 est
798 469 809 488 ,
864 450 962 492 quae
997 439 1043 478 ad
1082 436 1188 476 hunc
1224 438 1390 489 scopum

138 506 402 546 obtinendum
422 535 432 555 ‚
483 503 624 544 scilicet
667 503 713 543 ad
745 503 1064 542 determinandas
1100 503 1294 542 terminos
1327 503 1389 542 di-

137 567 222 608 stos
252 571 360 623 cepi,
392 579 492 621 quae
525 579 658 608 tamen
693 567 773 620 spei
806 576 848 606 et
882 567 988 607 votis
1024 567 1122 604 meis
1155 566 1389 607 nonomni-

136 643 191 671 no
221 632 516 686 responderunt.
597 631 716 688 Quod
750 630 795 670 ad
833 635 1012 683 priorem
1049 631 1272 669 terminum
1327 638 1386 668 at·

138 695 272 746 tinet,
307 695 429 736 illum
464 696 751 749 experimentis
790 693 976 747 plurimis
1017 694 1206 734 institutis
1245 693 1387 732 admo-

133 759 232 799 dum
269 772 422 811 vagum
456 760 625 810 inueni,
679 758 801 799 modo
835 760 945 798 enim
981 758 1215 808 profundius
1265 769 1386 809 regu-

133 819 275 861 lariter
308 824 502 863 deiccndit
539 824 788 869 Mercurius,
817 831 1030 874 antequam
1076 821 1253 874 impetus
1286 821 1389 861 inci-

132 894 249 937 peret
272 916 283 935 ,
317 887 439 926 mo‘do
470 887 607 926 minus
642 884 836 938 profunde
857 914 868 935 ‚
922 896 1047 938 porro
1083 886 1205 925 modo
1226 916 1237 935 ‚
1286 886 1387 926 dum

130 947 504 992 Thermometrum
554 950 596 988 in
651 948 815 989 materia
863 947 1079 1001 frigoritica
1127 947 1257 989 adhuc
1306 959 1391 990 erat

131 1011 374 1051 immersum
396 1043 408 1063 ,
460 1015 584 1053 modo
617 1012 658 1052 in
693 1014 783 1052 a'e're
818 1012 942 1054 libero
966 1045 977 1064 ,
1024 1012 1126 1052 dum
1178 1014 1260 1052 iam
1315 1025 1389 1053 ex-

132 1075 309 1114 tractum
359 1084 476 1124 erat,
528 1075 647 1115 saltus
703 1088 885 1128 praeceps
942 1076 1083 1128 coepit.
1180 1076 1390 1118 Descendit

131 1136 362 1178 Mercurius
395 1137 633 1188 regulariter
664 1136 711 1175 ad
745 1138 941 1177 t-zrminos
964 1168 977 1187 ‚
1026 1140 1095 1190 qui
1131 1139 1387 1192 sequuntur;

128 1201 178 1241 ad
232 1212 335 1250 350.
384 1200 512 1251 frigus
550 1201 730 1240 naturale
762 1210 847 1240 erat
887 1212 987 1249 177.
1022 1204 1071 1242 ad
1104 1214 1197 1250 400
1233 1204 1384 1254 frigore

58 1280 63 1284 ·
127 1264 302 1304 naturali
340 1276 440 1311 ¹93·
474 1265 520 1303 ad
558 1275 644 1310 500
687 1272 727 1301 et
783 1274 888 1310 530.
941 1263 1143 1304 descensus
1170 1265 1387 1318 ,regularis

123 1326 402 1367 obseruabatur
434 1326 584 1376 frigore
617 1323 789 1364 naturali
829 1337 913 1374 ¹93
956 1326 1158 1369 existente.
1246 1327 1385 1369 Ther-

122 1399 379 1431 mometrum
424 1388 465 1427 in
515 1387 669 1428 vltimo
713 1390 993 1441 experimento
1041 1400 1127 1431 erat
1179 1391 1382 1441 cylindri-

121 1464 218 1493 cum
241 1486 253 1505 ,
285 1462 325 1493 et
362 1453 592 1493 Mercurius
641 1450 930 1492 reuiussficatus.
1030 1452 1130 1493 Cera
1181 1453 1380 1508 hispanica

122 1517 494 1557 Thermometrum
528 1522 613 1553 emt
648 1515 859 1555 munitum
893 1517 934 1555 in
968 1515 1056 1556 loco
1076 1547 1087 1567 ,
1143 1517 1209 1557 vbi
1240 1519 1380 1561 bulbus

123 1580 366 1632 cylindricus
399 1580 496 1619 tubo
527 1576 788 1629 adhaerebat,
840 1590 889 1618 ne
923 1578 1148 1632 congelatio
1180 1580 1378 1625 Mercurii

123 1647 167 1687 in
199 1657 250 1686 eo
282 1643 402 1692 loco,
443 1642 658 1696 impediret
689 1641 911 1683 descensum
947 1642 1126 1697 plenum.
1214 1645 1374 1699 Conge-

120 1708 222 1750 latio
271 1705 465 1749 Mercurii
515 1715 598 1746 erat
651 1705 822 1759 perfecta
872 1717 912 1750 et
964 1706 1194 1750 Mercurius
1227 1709 1375 1753 solidus

120 1771 357 1825 cylindrum
392 1769 611 1823 perfectum
645 1770 967 1824 repraesentabat.
1048 1771 1202 1814 Bulbus
1235 1776 1377 1818 autem‘

120 1825 409 1889 Cylindraceus
441 1833 589 1874 fra&us
619 1835 673 1875 est
694 1866 706 1885 ,
751 1835 850 1874 dum
886 1834 1002 1875 fiebat
1050 1837 1228 1890 impetus
1250 1870 1260 1889 ‚
1318 1840 1374 1880 ita
1421 1829 1424 1831 “

119 1909 168 1942 vt
201 1912 292 1953 pars
323 1898 494 1940 dimidia
524 1910 575 1938 ex
607 1899 732 1939 fracto
761 1899 946 1951 cylindro
981 1902 1243 1953 promineret.
1285 1902 1373 1955 Cy-

120 1963 277 2005 lindrus
311 1962 510 2004 Mercurii
558 1961 789 2014 congelatus
839 1964 969 2016 magis
1017 1963 1198 2019 flexilis,
1248 1978 1370 2018 quam

119 2026 340 2083 plumbum
369 2036 412 2068 et
443 2038 594 2069 aurum
625 2040 799 2083 purum,
832 2027 940 2068 mihi
971 2027 1080 2071 visus
1111 2032 1178 2073 est.
1241 2030 1372 2072 Potest

689 2091 771 2147 Qq
807 2103 832 2140 3
1242 2094 1371 2146 igitur
