1856 2653
353 156 421 198 IN
470 153 625 196 VRBE
666 153 1030 197 SELENGINSK
1084 156 1212 198 ΗΑΒ.
1311 169 1398 209 445

158 273 272 312 batur
292 302 303 321 ,
333 280 371 311 et
407 271 453 310 ad
489 267 699 319 horologia
733 268 993 320 suspendenda
1027 265 1290 317 infigebantur
1324 280 1406 309 ter-

156 347 222 375 rae
258 337 378 375 trabes
408 335 506 374 duae
539 336 586 372 ad
622 334 931 384 profunditatffln
983 330 1135 383 aliquot
1187 330 1373 370 vlnarum
1395 364 1408 384 ‚

158 399 315 439 nullan]
350 411 444 438 cnm
479 396 661 437 aedificio
699 397 991 434 connexionem
1046 394 1240 433 habentes.
1322 395 1407 434 Eo·

158 463 250 502 dem
289 472 469 515 te1npor2
501 460 733 500 machinam
770 459 1058 511 parallafficam
1107 457 1407 498 construendam

159 526 363 566 curabam.
398 537 476 578 qua
511 537 587 577 pro
618 523 978 574 obseruationibus,
1011 534 1107 576 quas
1128 522 1411 563 instituturum

160 602 225 630 me
261 589 457 643 iper-‚ibam
489 618 501 637 ‚
529 600 632 641 opus
665 597 763 627 erat.

307 669 354 710 In
386 673 703 713 obseruatorium
740 671 815 712 hoc
848 672 883 712 d.
926 675 992 712 16.
1029 669 1187 724 Aprilis
1206 678 1411 724 transp0r⁴

162 728 291 770 tabam
327 735 585 776 instrumenta
617 737 846 790 sequentia:

314 814 353 870 1)
411 819 688 875 Quadrantem
753 818 1088 860 Astronomicum
1146 819 1415 860 micrometro

159 876 402 920 instrustum
457 883 555 923 radii
604 884 782 923 duorum
832 883 988 922 circiter
1038 881 1220 935 pedum,
1268 895 1290 922 a
1342 894 1413 936 pe·

157 942 261 985 rito,
301 943 471 984 Artifice
528 938 735 999 L'Anglols
798 946 957 987 Parisiis
1014 956 1159 997 magna
1205 945 1415 998 diligentia

158 1003 421 1047 elaboratum.

313 1091 356 1134 2)
390 1086 617 1137 Horologia
652 1086 824 1139 pendula
857 1088 970 1138 bina,
1002 1099 1181 1140 quorum
1214 1088 1273 1136 id,
1305 1088 1414 1141 quod

161 1147 376 1202 praecipue
424 1151 468 1189 in
517 1151 637 1195 vsum
679 1152 823 1192 voc-aui
845 1181 857 1202 ,
909 1164 932 1192 a
970 1151 1055 1192 Dn.
1086 1150 1219 1206 Julien
1251 1150 1308 1192 Le
1339 1150 1413 1193 Rou·

160 1210 407 1252 elaboratum
441 1214 507 1254 est.

313 1287 356 1343 3)
400 1288 638 1331 Machinam
681 1289 976 1344 parallae'ticam
1017 1298 1061 1328 et
1097 1301 1194 1329 cum
1228 1289 1314 1331 aliis
1349 1297 1419 1329 tu·

159 1351 217 1392 bis
252 1352 396 1391 tubum
431 1351 680 1405 dioptricum
704 1382 716 1402 ‚
755 1353 870 1391 cuius
903 1352 988 1391 lens
1021 1351 1248 1404 offleffiua,
1303 1352 1417 1393 Lon-

157 1415 487 1456 dini·elaborata
509 1445 521 1464 ‚
567 1416 789 1455 distantiam
841 1417 1008 1454 focalem
1060 1414 1175 1456 habet
1227 1426 1297 1463 15⁶.
1329 1417 1418 1468 ped.

159 1477 293 1518 Lond.
357 1477 458 1515 Tres
487 1478 534 1517 ad
568 1488 709 1516 manus
738 1487 851 1517 erant
883 1477 1008 1516 lentes
1051 1478 1231 1519 oculares
1251 1509 1264 1529 ‚
1314 1490 1416 1531 qua-

162 1552 260 1580 rum
293 1551 338 1579 ea
371 1540 413 1579 in
447 1541 636 1580 omnibus
667 1540 1007 1581 obseruationibus
1036 1541 1128 1581 vsus
1162 1542 1249 1581 sum
1270 1571 1282 1592 ‚
1313 1553 1414 1594 quae

164 1603 384 1644 meliorem
414 1604 600 1644 effestum
638 1604 829 1657 praestare
864 1605 969 1644 mihi
1004 1605 1086 1645 visa
1115 1606 1167 1645 est
1186 1636 1198 1655 ‚
1227 1615 1268 1644 et
1299 1606 1415 1646 cuius

163 1668 343 1708 distantia
375 1666 508 1708 focalis
538 1677 625 1707 erat
661 1682 700 1708 2.
737 1678 811 1715 52.
842 1669 924 1720 dig.
961 1669 1089 1710 Lond.
1124 1678 1164 1708 et
1195 1682 1227 1709 a.
1260 1669 1298 1708 d.
1341 1675 1412 1711 18.

164 1731 300 1784 April.
335 1730 486 1772 labores
519 1744 631 1771 meos
661 1732 897 1785 incipiebam
921 1763 936 1783 ‚
985 1743 1084 1786 quos
1113 1731 1290 1772 breuiter
1327 1731 1412 1772 iam

164 1795 374 1845 enarrabo,
408 1795 554 1836 iunstis
585 1804 720 1835 tamen
750 1797 938 1836 omnibus
971 1795 1300 1845 circumstantiis,
1332 1807 1415 1849 quo

165 1870 213 1900 eo
253 1858 426 1898 securius
476 1860 642 1901 lectores
692 1859 738 1899 de
796 1858 906 1910 fide,
953 1872 1090 1914 quam·
1125 1859 1417 1902 obseruationes

167 1933 280 1962 meae
312 1933 519 1964 merentur
540 1954 552 1975 ,
583 1923 760 1964 iudicare
788 1932 959 1981 queant..

708 2043 747 2086 K
763 2041 787 2082 k
806 2041 832 2083 k
869 2052 896 2091 3
1207 2040 1415 2085 OBSER-
