1856 2653
255 211 614 258 FRIGORE
663 209 1212 254 ARTIFICIALI.
1281 228 1372 265 299

132 338 214 366 non
249 329 321 368 effe
351 332 442 367 600
477 323 594 368 scalae
628 323 974 365 Fahrenheitianae
995 354 1006 374 ,
1040 324 1101 364 vti
1137 321 1266 373 vulgo
1297 332 1380 365 tra·

121 391 245 430 ditur
269 422 279 442 ‚
313 393 372 432 scd
410 392 635 430 minimum
670 401 762 438 709
795 389 970 428 ciusdem
1006 387 1149 438 scalae,
1184 385 1265 426 siue
1286 400 1378 437 414

134 455 285 494 nostrae
319 456 434 509 supra
469 467 494 493 o
532 453 708 493 calorem
744 465 866 506 aquae
902 451 1137 502 bullientis,
1176 450 1306 496 (uam
1341 462 1383 492 et

130 515 198 558 hic
235 519 431 570 punctum
465 516 712 558 ebullitionis
757 527 839 556 tam
889 516 1071 556 adcurate
1123 514 1383 556 determinari

118 582 269 634 nequit
305 613 317 633 ‚
381 582 441 622 vti
492 580 693 636 punctum
747 581 1034 633 congelationis
1086 577 1284 621 Mercurii
1334 579 1386 619 ob

129 643 508 697 phaenomenorum
561 643 876 700 differentiam),
933 644 1078 686 multis
1125 641 1389 696 experimen·

128 707 180 746 tis
213 710 295 748 iam
330 708 423 749 alias
455 710 635 760 ostendi,
666 719 707 750 et
743 709 960 763 probatum
994 709 1103 758 dedi3
1139 707 1270 747 Error
1304 705 1388 757 igi-

127 779 197 810 tur
232 773 390 823 maior,
422 785 544 826 quam
578 783 746 814 centum
780 774 982 824 graduum
1017 770 1322 820 committitur,
1356 769 1387 809 st

121 834 327 886 punctum
361 836 609 876 ebullitionis
640 845 813 889 ponatur
872 839 988 886 600,
1042 832 1159 874 scalae
1211 831 1388 873 Fczhren-

125 895 349 949 heltianae,
399 900 470 952 qui
520 910 715 939 numerus
765 910 860 938 cum
916 900 1023 946 323}
1084 897 1235 938 nostrae
1269 896 1390 937 scalae

125 962 318 1002 conuenit
352 962 470 1014 supra
503 963 703 1014 punctum
738 961 983 1003 ebullitionis
1019 972 1151 1016 aquae.
1235 960 1393 1000 Habent

135 1032 313 1064 ceterum
374 1024 648 1078 phaenomena
706 1025 953 1068 ebullitionis
1014 1035 1054 1066 et
1084 1022 1394 1076 >congelationie

139 1087 333 1127 Mercurii
368 1087 444 1129 hoc
475 1101 698 1142 commune
722 1121 734 1142 ‚
766 1101 815 1130 vt
846 1090 1004 1142 quando
1033 1086 1202 1128 ebullire
1235 1089 1394 1141 incipit,

140 1161 238 1188 cum
271 1151 427 1202 impetu
459 1150 686 1191 adscendere
706 1181 717 1199 ,
750 1153 811 1192 vti
848 1163 944 1190 cum
978 1152 1137 1204 impetu
1172 1152 1396 1191 descendere

142 1211 311 1266 incipiat
331 1243 343 1261 ,
377 1214 535 1266 quando
564 1215 832 1266 congelascere
866 1215 1021 1266 incipit.
1086 1214 1213 1255 Porro
1231 1223 1396 1254 motum

142 1274 414 1317 vibratorium
451 1276 598 1329 saepius
631 1285 720 1317 ante
769 1276 993 1318 descensum
1043 1274 1169 1315 illum
1224 1276 1398 1316 celerem

143 1337 186 1377 in
220 1337 496 1389 congelatione
526 1338 723 1379 Mercurii
756 1340 959 1380 obseruaui
981 1369 993 1390 ,
1031 1339 1102 1391 q-ui
1136 1339 1260 1379 etiam
1302 1352 1400 1380 con-

117 1399 300 1452 [tingere
332 1400 431 1441 solet
465 1400 604 1454 paullo
638 1413 727 1442 ante
760 1402 927 1442 initium
973 1401 1221 1443 ebullitionis
1273 1403 1398 1443 illius.

146 1462 268 1518 Quod
301 1463 328 1503 si
366 1464 493 1515 igitur
530 1477 675 1516 ponere
709 1462 841 1505 lubeat
874 1467 1099 1504 terminum
1152 1466 1401 1517 congelatio-

122 1527 210 1565 1nis
246 1527 440 1567 Mercurii
474 1531 579 1574 650.
617 1537 806 1582 tanquam
859 1529 1042 1568 medium
1093 1529 1292 1582 quendam
1341 1531 1403 1570 se-

150 1590 328 1629 cundum
363 1590 562 1631 obseruata
595 1592 721 1632 nostra
744 1622 756 1642 ‚
804 1601 844 1632 et
879 1593 1106 1632 terminum
1155 1591 1404 1633 ebullitionis

154 1665 251 1701 414
284 1653 399 1706 supra
434 1666 480 1694 0:
514 1654 756 1708 conspicitur
786 1668 807 1696 a
837 1656 996 1696 summa
1036 1656 1307 1698 contractione
1355 1658 1405 1699 ad

153 1716 359 1757 summam
391 1717 667 1759 dilatationem
700 1719 774 1759 effi:
806 1720 1032 1762 distantiam
1057 1723 1180 1768 1064
1200 1721 1403 1770 graduum

153 1779 275 1820 scalae
325 1781 475 1821 nostrae
497 1812 508 1832 ‚
557 1791 598 1821 et
637 1782 980 1824 Fahrenheicianae
1016 1793 1160 1834 1237,
1194 1783 1224 1823 fi
1257 1782 1405 1824 scilicet

156 1851 330 1897 ponatur
352 1874 363 1894 ‚
411 1845 472 1885 vti
503 1848 734 1899 ponendum
766 1848 850 1898 est,
901 1859 1123 1888 numerum
1161 1859 1250 1886 212
1285 1847 1406 1888 scalae

158 1905 502 1949 Fahrenheitianae
549 1910 622 1949 esse
669 1910 873 1966 aequalem
939 1910 1101 1966 ciphrae
1161 1909 1408 1951 ebullitionis

160 1982 281 2024 aquae
315 1981 453 2021 notae,
484 1980 524 2011 et
575 1985 628 2021 32
649 1990 704 2017 z
729 1984 827 2023 150.
877 1975 994 2016 scalae
1035 1975 1204 2016 nostrae.
1302 1975 1408 2016 Hinc

137 2043 308 2089 ·quanta
341 2036 525 2090 ponderis
557 2038 728 2092 specifici
761 2040 937 2080 mutatio
969 2051 990 2080 a
1023 2040 1212 2080 :termino
1259 2036 1408 2078 ebulli-

804 2104 833 2145 P
849 2115 877 2158 p
912 2115 935 2143 ε
1284 2103 1409 2156 tionis
