1856 2653
243 211 351 253 PER
384 203 711 251 SEGMENTA
746 201 977 249 SPHAER.
1013 202 1198 250 SPECT.
1271 214 1360 260 187

110 334 212 375 tur,
263 325 376 364 cuius
408 321 586 363 distantia
620 332 715 363 cum
748 320 795 359 fit
829 320 936 373 quasi
980 319 1136 360 infinita
1159 351 1170 370 ‚
1219 332 1268 360 ex
1321 323 1360 362 O

115 390 283 428 ducatur
318 389 385 429 Os
420 385 490 438 ipsi
525 384 608 426 MS
650 383 870 438 panificia,
920 394 959 424 et
1009 397 1030 423 a
1082 385 1190 423 nudo
1241 384 1361 425 oculo

114 451 222 491 stella
259 453 297 490 in
331 450 545 492 dii-afflone
576 449 644 490 Os
678 457 938 499 cerneretur,
983 460 1084 501 quae
1135 460 1241 487 nunc
1291 460 1361 501 per

116 515 276 554 vitrum
328 517 367 554 in
416 512 635 553 directione
686 512 775 552 OV
827 513 1104 566 conspicitur,
1146 513 1198 550 ita
1234 521 1280 551 vt
1313 513 1363 552 ob

112 579 390 620 refractionem
441 575 593 629 angulo
644 575 762 617 sOV
812 577 860 617 de
911 579 980 618 suo
1032 575 1121 618 loco
1160 587 1258 616 vero
1290 575 1364 630 de-¹

111 643 311 683 turbetur.

252 756 293 792 4.
331 743 441 783 Hanc
473 739 640 781 visionis
674 742 943 781 mutationem
978 742 1019 781 in
1054 746 1227 792 Vtroque
1277 740 1364 789 seg-

113 813 254 845 mento
288 807 326 844 in
364 807 493 857 figura
529 803 694 857 expressi
720 835 731 854 ,
784 805 888 844 vnde
922 802 1114 855 colligere
1145 802 1240 842 lieet
1292 814 1363 855 per

108 870 364 919 segmentum
413 869 550 908 ⁴miuus
598 868 727 907 AOP
777 867 928 908 stellam
964 869 1004 907 in
1042 866 1260 908 directione
1294 866 1363 906 Os

111 932 336 971 versantem
373 931 542 984 propius
576 931 622 970 ad
664 943 782 970 axem
832 931 931 971 vitri
980 931 1066 971 OE
1120 930 1364 981 admoueri,

111 993 244 1049 schue
274 997 446 1048 spatium
480 993 580 1034 coeli
615 995 683 1035 Es
714 995 763 1035 ob
796 996 1075 1036 refrac'tionem
1109 995 1178 1035 sub
1229 994 1366 1033 mino-

109 1070 156 1098 re
190 1058 338 1110 angulo
374 1058 506 1099 EOV
541 1071 730 1111 apparere
753 1089 763 1108 ,
819 1061 922 1100 vnde
953 1059 1195 1111 magnitudo
1234 1056 1365 1098 stella-

113 1133 210 1160 rum
246 1122 530 1160 imminuetur.
631 1121 781 1160 Contra
815 1131 952 1160 autem
995 1134 1066 1172 per
1106 1124 1364 1172 segmentum

114 1183 245 1222 maius
282 1183 402 1223 BOP
438 1180 544 1223 stella
576 1181 617 1220 in
651 1182 868 1222 directione
903 1184 970 1223 Os
1002 1182 1075 1222 sita
1123 1193 1164 1223 et
1215 1182 1368 1235 angulo

115 1245 228 1288 Fos
261 1248 306 1287 ab
338 1258 410 1284 axe
443 1253 598 1284 remota
629 1245 671 1283 in
704 1245 921 1284 direstione
952 1245 1040 1285 OV
1095 1246 1163 1285 sub
1214 1247 1369 1287 maiore

114 1307 266 1360 angulo
302 1305 509 1349 FOV‘ab
541 1316 614 1344 axe
656 1305 859 1346 videbitur
911 1308 1015 1346 vnde
1065 1309 1188 1348 etiam
1238 1308 1369 1349 stellae

113 1370 356 1422 magnitudo
390 1369 504 1409 audi-a
538 1367 723 1421 prodibit.
817 1371 954 1423 Atque
989 1369 1083 1410 haee
1114 1371 1371 1426 potiffimum

110 1431 159 1474 de
195 1433 314 1474 stellis
345 1434 412 1473 axi
447 1432 639 1484 vtrinque
691 1434 890 1484 proximis
940 1435 1032 1473 sunt
1077 1434 1338 1487 intelligenda
1359 1468 1370 1489 ‚

113 1498 156 1539 in
191 1497 409 1538 maioribus
439 1497 553 1536 enim
582 1493 902 1546 elongationibus
935 1496 1147 1548 singularia
1189 1499 1368 1552 phaeno-

114 1572 233 1601 mena
255 1592 266 1611 ‚
317 1571 497 1613 quorum
531 1558 651 1599 initio
684 1560 933 1602 mentionem
967 1562 1040 1602 feci
1063 1592 1074 1613 ,
1121 1561 1256 1604 locum
1291 1563 1368 1606 ha-

111 1622 203 1664 bere
235 1622 406 1679 poffunt.

268 1736 306 1775 ς.
339 1725 405 1768 Ad
438 1725 533 1766 haec
566 1725 801 1780 diligentius
826 1728 1117 1782 inuestiganda‚
1150 1743 1368 1785 ponamusz

210 1808 375 1848 radium
408 1806 588 1863 sphaerae
622 1808 1119 1852 CA2C132CMza

213 1887 440 1930 distantiam
474 1888 580 1929 oculi
616 1890 656 1931 Ο
691 1904 712 1931 a
744 1898 883 1932 centro
915 1890 1119 1945 sphaerae,
1154 1891 1340 1934 CO:-.-d

212 1967 454 2012 Distantiam
474 1981 735 2024 apparentem
761 1970 892 2014 stellae
926 1973 971 2014 ab
1006 1985 1106 2027 axe,
1138 1974 1205 2015 seu
1236 1970 1367 2026 angit-i

304 2031 396 2074 lum
431 2031 681 2082 AOV=<1>

756 2115 797 2156 A
818 2127 838 2154 a
872 2129 899 2158 2
1236 2125 1368 2168 angu·
