1856 2653
484 220 573 258 312
736 203 1482 252 SVPPLEMENTA

480 321 667 362 videatur
702 318 819 360 saltus
854 318 920 359 hic
957 330 1140 374 praeceps
1170 329 1212 360 et
1256 318 1454 360 concuffio
1485 315 1611 370 bulbi,
1658 318 1736 360 eff·

486 386 591 425 ratio
625 396 695 423 cur
728 383 868 422 buibus
902 383 1210 424 Thermometri
1244 385 1447 435 frangatur
1470 413 1481 433 ‚
1513 392 1554 422 et
1584 382 1734 436 aliquid

485 447 687 491 Mercurii
723 460 801 486 non
837 446 957 498 gelati
993 459 1044 486 ex
1076 448 1195 488 bulbo
1230 447 1295 487 vel
1335 447 1448 500 piane
1479 445 1602 486 frasto
1623 477 1635 497 ,
1667 446 1733 487 vel

480 524 532 552 ex
564 512 692 552 fisuris
726 519 765 549 et
798 512 915 550 rimis
953 511 1124 562 effluat,
1158 522 1283 564 eoque
1317 512 1544 550 terminum
1579 510 1735 551 descen·

476 576 539 617 sus
577 575 778 614 vltimum
814 576 1012 616 incertum
1048 575 1193 615 tendat.
1292 577 1351 613 At
1386 576 1494 613 enim
1528 584 1626 613 vero
1658 575 1736 616 dif-

479 637 586 680 ficile
621 641 674 679 est
708 649 903 693 conceptu
937 641 1146 692 quomodo
1177 650 1226 677 ex
1262 636 1394 677 fisur³s
1425 646 1464 677 et
1498 637 1614 676 rimis
1643 637 1734 679 bul-

477 703 646 752 borum,
681 703 813 754 portio
849 702 1047 743 Mercurii
1080 701 1245 741 effluere
1281 701 1427 753 possit,
1461 713 1556 739 cum
1591 711 1737 752 conge-

481 764 580 809 latio
610 777 630 803 a
670 765 896 817 peripheria
930 768 975 806 ad
1008 775 1195 806 centrum
1229 768 1362 805 tendat
1385 794 1396 813 ,
1442 776 1570 816 eoque
1603 767 1739 819 parie-

482 838 539 869 tes
571 828 790 870 bulborum
841 829 967 881 primi
1020 828 1292 878 congelentur.
1390 827 1563 867 Videtur
1610 830 1737 879 igitur

480 889 626 932 necesse
654 920 665 939 ,
699 900 746 930 vt
768 921 778 940 ‚
812 891 912 930 dum
946 902 997 930 ex
1033 891 1128 930 tubo
1161 891 1391 930 Mercurius
1422 890 1572 930 fluidus
1608 891 1739 932 adhue

482 953 679 995 descendit
707 984 718 1003 ,
783 955 918 1006 portio
967 955 1159 1006 quaedam
1209 952 1330 992 huius
1382 953 1577 993 Menurii
1633 956 1739 994 inter

486 1016 747 1058 Mercurium
782 1017 1039 1069 congelatum
1070 1025 1110 1056 et
1144 1017 1310 1069 parietes
1343 1016 1452 1055 bulbi
1504 1016 1710 1057 interfluat
1730 1047 1743 1067 ,

484 1089 524 1119 et
560 1091 631 1131 per
665 1078 803 1118 fisuras
841 1089 1022 1132 penetret
1043 1109 1054 1127 ‚
1083 1079 1148 1117 vel
1179 1080 1208 1118 fi
1241 1081 1406 1130 paretes
1437 1091 1487 1118 ex
1523 1088 1632 1132 parte
1655 1081 1740 1120 iam

487 1140 607 1182 ablati
659 1141 747 1180 sunt
770 1170 781 1189 ‚
831 1141 952 1180 libere
985 1140 1144 1180 defluat.
1237 1138 1419 1180 Forsitan
1452 1142 1498 1179 ad
1532 1142 1635 1183 hanc
1667 1154 1742 1184 ex-

485 1203 720 1258 panfionem
753 1204 921 1244 subitam
963 1214 1003 1244 et
1041 1203 1273 1244 fractionem
1328 1215 1566 1244 concurrere
1615 1206 1742 1260 potest

489 1268 558 1306 ae'r
590 1275 799 1306 contentus
833 1277 872 1307 et
905 1267 1109 1306 conclusus
1141 1268 1181 1306 in
1219 1268 1425 1308 Mercurio
1445 1299 1456 1318 ‚
1500 1270 1601 1310 dum
1635 1270 1741 1311 subi-

492 1338 536 1369 to
569 1327 843 1379 congelatione
876 1331 1124 1381 exprimitur
1154 1338 1194 1367 et
1245 1329 1447 1369 liberatur.
1543 1331 1664 1372 Certe
1710 1331 1741 1372 fi

489 1391 864 1433 Thermometrum
898 1392 1151 1432 ordinarium
1185 1390 1393 1432 adhibetur
1415 1423 1425 1443 ,
1463 1393 1504 1432 in
1538 1407 1621 1446 quo
1651 1395 1745 1435 bul-

491 1456 565 1495 bus
600 1466 807 1506 nunquam
839 1455 965 1504 frangi
999 1454 1096 1494 solet
1117 1482 1127 1501 ,
1179 1465 1274 1492 curn
1327 1456 1558 1495 Mercurius
1607 1459 1743 1498 omnis

489 1519 532 1559 in
583 1516 753 1557 bulbum
805 1517 928 1556 intret
951 1548 961 1566 ‚
1013 1516 1067 1558 ita
1120 1525 1166 1555 vt
1199 1515 1372 1568 spatium
1407 1531 1585 1558 vacuum
1617 1520 1744 1561 relin-
1780 1510 1783 1513 ¹

490 1589 667 1635 quaturz
714 1579 743 1620 fi
789 1579 1020 1620 Mercurius
1072 1579 1268 1630 regelatus
1318 1582 1452 1621 rursus
1503 1581 1546 1621 in
1596 1587 1744 1627 tubum

494 1644 662 1685 ascendit
684 1674 695 1693 ,
722 1641 854 1683 bullae
886 1646 1022 1685 aereae
1056 1655 1200 1697 paruae
1220 1674 1230 1694 ‚
1263 1655 1358 1695 quas
1390 1645 1551 1685 forsitan
1584 1649 1653 1687 a'e'r
1669 1660 1744 1688 ex-

496 1706 646 1762 pressus
681 1707 884 1748 constituit
907 1739 918 1757 ‚
969 1708 1178 1749 Mercurio
1211 1708 1460 1761 interspersae
1492 1709 1744 1763 conspiciun-

493 1781 562 1812 tur
587 1801 598 1819 ‚
632 1783 728 1810 cum
763 1780 852 1812 ante
886 1771 1209 1823 congelationem
1239 1771 1390 1812 fuerint
1423 1771 1565 1812 nullae.
1631 1775 1744 1817 Con-

495 1836 639 1876 traffio
668 1833 774 1874 bu'bi
806 1835 929 1876 vitrei
963 1835 1086 1876 subita
1120 1835 1166 1874 ad
1206 1835 1439 1876 fractionem
1479 1849 1624 1890 parum
1673 1847 1745 1879 aut

496 1899 602 1940 niliil
631 1898 807 1939 conferre
857 1899 1017 1940 videtur
1039 1931 1050 1948 ‚
1098 1897 1191 1938 alias
1246 1899 1352 1939 bulbi
1405 1900 1611 1941 Mercurio
1661 1914 1742 1943 non

496 1962 613 2018 plene
643 1961 819 2015 repleti,
870 1963 935 2004 vel
967 1963 1076 2004 bulbi
1117 1960 1535 2004 Thermometrorum
1583 1966 1746 2028 ordinfr-

497 2027 661 2068 riorum
695 2025 737 2066 in
768 2026 1042 2080 congelatione
1076 2025 1270 2071 Mercurii
1304 2027 1420 2084 plena
1461 2028 1590 2082 frangi
1624 2041 1744 2084 ,quo-

1664 2104 1742 2148 que
