1856 2653
234 193 595 243 FRIGORE
647 192 1204 239 ARTIFICIALI.
1275 206 1360 249 ης

110 319 225 352 extra
276 312 645 352 Thermometrum
696 322 778 350 non
827 310 1012 349 videram
1066 317 1104 348 et
1135 310 1365 350 examinare

109 385 324 429 potueram
348 409 358 428 ‚
396 376 586 429 quoniam
636 373 772 413 bulbos
803 373 1220 413 Thermomctrorum
1257 373 1364 412 fran-

110 450 204 490 gere
257 440 472 491 nolebam,
524 450 655 490 quum
709 436 784 476 aliu
836 439 881 477 ad
929 448 1069 476 manus
1103 449 1181 476 non
1217 437 1366 476 essent‘:

106 502 424 554 congelationem
475 502 672 543 Mercurii
726 510 885 541 tantum
922 510 1112 553 tanquam
1151 501 1366 540 veritatem

106 566 351 619 probabilem
402 577 453 606 ex
505 566 791 606 Phaenomenis
831 563 1060 605 conclusam
1100 565 1287 617 propoiui
1323 563 1365 603 in

103 632 300 682 proximo
350 630 553 672 ordinario
602 638 804 670 conuentu
856 629 1131 677 Academico,
1183 629 1245 668 die
1295 637 1363 673 17„

103 691 341 734 Decembris
376 693 511 738 habito
533 725 543 744 ,
595 707 675 747 qno
712 695 926 732 inuentum
966 704 1104 730 mmm
1137 703 1215 731 vna
1268 702 1364 730 cum

103 755 307 797 Methodo
341 770 427 798 mea
462 756 747 811 simplieissima
770 788 780 806 ‚
830 770 906 810 qua
941 755 1031 794 vsus
1069 755 1184 805 sum,
1233 752 1367 793 finali·

105 827 166 859 ter
219 822 516 862 communicaui
542 852 553 871 ,
607 823 668 861 vti
722 832 879 872 quoque
921 820 963 858 in
997 817 1188 856 Noucns
1221 817 1364 858 Petro-

100 883 359 934 burgensibus
391 885 473 925 No.
515 896 616 923 102.
652 881 881 933 congelat³o
916 882 1135 929 Mercurii,
1171 891 1363 933 tanquam

101 947 251 987 veritas
284 960 406 1001 quam
439 946 744 988 verifimillime
776 957 826 985 ex
860 945 1150 987 P¹1aenomenis
1179 944 1362 996 collusta,

103 1017 264 1051 tantum
315 1011 367 1051 est
420 1010 633 1063 proposita.
730 1010 789 1048 Vt
830 1010 957 1061 igitur
1001 1008 1361 1061 c0ng1.1ciationem

101 1071 302 1115 Mercurii
338 1086 408 1127 per
439 1073 590 1113 claram
624 1082 663 1112 et
698 1074 904 1113 indubiam
923 1074 1219 1126 exper‘entia›1n
1240 1084 1364 1123 quam

102 1138 362 1178 certissimam
398 1136 637 1183 redderem3
689 1148 852 1172 mecum
887 1136 1104 1183 constitui,
1151 1134 1362 1176 Thermo-

102 1209 232 1240 metra
268 1199 309 1238 in
344 1197 543 1251 proximis
576 1198 866 1250 experimentis
897 1198 1096 1248 capiendis
1149 1198 1361 1249 frangere,

101 1275 186 1316 quo
220 1258 372 1304 Indoles
415 1260 616 1301 Mercurii
665 1260 863 1309 congelati
915 1260 1083 1313 propius
1135 1261 1360 1300 examinari

100 1325 258 1380 posset,
314 1331 355 1361 et
388 1321 601 1376 explorari.
701 1322 877 1374 Exstqui
915 1320 992 1363 hoc
1028 1321 1243 1362 confilium
1279 1336 1359 1364 non

98 1387 216 1442 prius
264 1394 448 1440 poteram
482 1417 493 1436 ,
561 1397 684 1440 quam
737 1384 972 1426 Decembris
1033 1397 1102 1432 25.
1162 1388 1357 1439 quoniam

97 1450 417 1492 Thermometra
452 1448 569 1504 plura
603 1449 722 1489 citius
755 1459 889 1501 parata
920 1463 1003 1490 non
1037 1459 1162 1489 erant.
1260 1450 1360 1491 Fri-

98 1526 175 1567 gus
223 1513 406 1554 naturale
427 1543 438 1563 ‚
489 1512 597 1565 quod
644 1512 686 1550 in
735 1513 826 1551 a’e‘re
868 1513 1052 1563 regnabat
1074 1543 1085 1563 ,
1134 1522 1219 1552 erat
1251 1514 1355 1554 inter

98 1578 247 1619 horam
268 1590 324 1626 ι9.
358 1578 400 1615 et‘
439 1588 492 1616 10
519 1588 551 1615 a.
578 1587 634 1615 m.
652 1586 735 1628 quo
752 1585 936 1628 ternpore
953 1576 1231 1629 experimenta
1250 1589 1354 1618 noua

99 1641 293 1692 institui,
346 1640 563 1680 secundum
614 1638 986 1680 Thermometrum
1039 1652 1181 1680 meum
1233 1640 1353 1680 scalae

97 1704 326 1748 Delilianae
360 1715 460 1752 199.
525 1703 629 1744 Vsus
663 1704 751 1743 sum
785 1705 922 1744 eadem
958 1703 1160 1746 Methodo
1194 1700 1354 1757 fimpli-

97 1769 136 1810 ci
158 1799 171 1821 ,
204 1780 300 1808 cum
334 1767 555 1808 variatione
598 1776 728 1807 tamen
780 1770 980 1821 quadam:
1033 1768 1178 1809 scilicet
1230 1770 1353 1810 modo

94 1832 470 1875 'Ti'nermometrum
504 1833 616 1886 prius
649 1831 834 1871 immersi
870 1833 910 1872 in
943 1834 1104 1873 vitrum
1145 1832 1240 1870 niue
1290 1831 1352 1871 le-

98 1897 208 1939 ·viter
243 1895 462 1948 compressa
496 1895 739 1950 impletum,
770 1909 893 1949 quam
925 1908 1072 1949 aquam
1108 1895 1255 1936 fortem
1284 1896 1349 1936 in-

97 1960 291 2004 stillabam
315 1990 326 2010 ‚
356 1970 395 2000 et
429 1960 820 2012 superinfundebam‚
857 1960 977 2000 modo
1013 1962 1050 2000 in
1075 1960 1212 2000 niuem
1234 1960 1350 2012 prius

92 2024 229 2070 infudi
257 2036 406 2080 aquam
437 2024 609 2080 fortem,
643 2036 768 2077 quam
800 2024 1172 2067 Thermometrum
1197 2023 1348 2074 indidi,

643 2088 693 2132 M
713 2101 756 2131 m
792 2102 818 2130 2
1221 2087 1347 2128 modo
