1856 2653
458 213 1167 258 FVNCTIONVM.
1382 231 1438 260 ει

183 330 447 374 discontinuae
503 329 646 369 assumi
704 339 862 383 queant.
979 329 1115 386 Quare
1179 327 1438 370 functionum

183 395 524 438 dii'continuaruzn
562 395 634 434 vlu
668 394 713 433 ab
748 399 824 434 hoc
858 395 937 436 fere
973 407 1083 435 nouo
1116 391 1261 433 calculi
1296 405 1441 445 genere

183 458 401 499 noniolum
454 472 531 498 non
567 458 828 510 excluditur,
863 460 924 500 sed
958 459 1082 499 etiam
1117 458 1225 512 quasi
1259 459 1439 498 effentia-

182 523 274 563 liter
310 524 357 563 ad
389 523 474 563 eius
510 533 695 562 naturam
732 525 931 578 pertinere
966 522 1016 562 fit
1050 523 1315 588 iudicandus3
1368 534 1440 562 ne·-

179 599 257 640 que
290 589 413 627 etiam
448 586 528 628 vlla
564 589 632 627 int
638 589 778 639 gratio
812 588 853 628 in
895 588 973 629 hoc
1011 586 1167 628 calculo
1209 599 1284 641 pro
1323 599 1442 627 com-

181 650 288 704 pleta
323 661 362 692 et
393 651 565 694 absoluti
593 653 644 692 est
679 652 869 702 habend2,1
888 651 960 693 nisi
997 652 1037 690 in
1068 652 1347 704 aequationem
1376 651 1443 690 in-

181 715 377 766 tegralem
430 716 666 756 huiusmodi
714 715 869 756 functio
918 715 1080 770 prorsus
1112 714 1320 755 arbitraria
1353 715 1441 755 fue-

181 781 236 819 rit
271 780 524 822 introducta:
555 792 597 819 ac
630 779 659 819 fi
694 781 880 834 aequatio
929 780 1204 821 differentialis
1238 778 1442 832 proposita

178 844 301 884 fuerit
332 845 490 886 secundi
523 844 732 884 altiorisue
764 847 942 896 grajus,
990 844 1049 884 ita
1098 852 1148 884 vt
1195 843 1297 884 binis
1346 842 1442 898 plu-

177 908 288 948 ribus
319 920 369 949 ve
404 909 734 961 integrationibus
769 908 819 949 fit
851 921 953 964 opus
975 939 987 959 ,
1038 905 1184 950 neceffe
1221 908 1276 948 est
1295 938 1308 958 ,
1341 909 1444 949 toti-

176 973 271 1013 dem
302 973 526 1014 fundtiones
559 974 788 1015 arbitrariae
822 974 864 1013 in
906 972 1055 1014 vltima
1095 973 1329 1025 aequatione
1375 973 1443 1012 in·

179 1036 320 1089 tegrali
355 1040 607 1092 reperiantur
628 1069 641 1089 ‚
674 1038 782 1092 quod
816 1036 889 1077 nifi
915 1038 1076 1077 eueniat
1098 1068 1111 1088 ‚
1143 1035 1341 1088 integrale
1358 1048 1442 1076 non

180 1103 309 1153 magis
344 1115 418 1155 pro
451 1102 659 1156 completo
692 1102 826 1144 haberi
863 1102 987 1155 potest
1010 1132 1022 1151 ,
1053 1113 1178 1154 quam
1212 1100 1255 1140 in
1285 1098 1442 1142 calculo

180 1164 367 1215 integrali
404 1168 607 1205 ordinatio
629 1194 640 1211 ,
674 1166 740 1202 vbi
776 1165 1024 1201 introductio
1063 1164 1332 1202 conflantium
1372 1175 1440 1203 ar-

178 1225 437 1266 bitrariarum
472 1225 710 1276 negligitur.
762 1224 939 1277 Quando
971 1232 1109 1262 autem
1143 1225 1194 1264 de
1217 1225 1442 1266 functioni-

178 1288 249 1328 bus
284 1289 413 1327 trium
448 1286 708 1328 variabilium
742 1286 879 1335 agitur
900 1314 912 1334 ,
953 1283 1130 1337 qualibet
1169 1285 1443 1338 integratione

173 1351 329 1391 func'tio
362 1350 569 1391 arbitraria
601 1348 791 1389 binarum
831 1346 1090 1389 variabilium
1137 1347 1182 1389 in
1230 1348 1438 1392 calculum

176 1414 479 1464 introducitur3
511 1426 589 1468 qua
623 1413 922 1454 circumstantia
954 1412 1024 1454 iste
1054 1411 1233 1455 calculus
1264 1428 1288 1455 a
1319 1427 1441 1469 prae·

175 1479 397 1520 cedentibus
430 1479 485 1518 ita
519 1478 779 1529 distinguitur
801 1506 812 1526 ‚
846 1486 893 1516 vt
933 1487 1059 1527 genus
1098 1477 1299 1530 peculiare
1339 1492 1441 1520 con·

175 1544 335 1585 stituere
367 1542 416 1582 sit
448 1542 658 1584 censendus
681 1572 694 1592 ,
724 1552 823 1581 cum
853 1549 997 1580 natura
1029 1541 1227 1595 cuiusque
1259 1545 1439 1595 generis,

174 1619 226 1647 ex
261 1607 395 1647 indole
427 1606 676 1659 ,quantitatis
724 1603 953 1644 arbitrariae
1003 1615 1075 1657 per
1118 1605 1437 1657 integrationem

175 1671 357 1712 inuec‘tae
379 1701 391 1721 ‚
424 1668 794 1710 conuenientiffime
826 1668 1080 1708 diiudicetur.
1145 1669 1262 1710 Tum
1283 1669 1438 1711 verost

173 1736 348 1790 quaestio
379 1736 484 1774 c'rca
516 1734 739 1774 funffones
770 1740 947 1786 quatuor
985 1731 1248 1773 variabilium
1300 1733 1436 1775 versa-

174 1810 244 1841 tur
263 1830 275 1849 ‚
308 1797 403 1839 haec
434 1798 634 1852 quantitas
665 1796 870 1838 arbitraria
903 1796 1048 1850 quauis
1080 1797 1348 1849 integratione
1367 1797 1436 1838 in-

174 1864 416 1907 troducenda
446 1862 496 1903 fit
526 1862 685 1903 funCtio
715 1862 850 1902 trium
878 1859 1136 1902 variabilium
1161 1870 1202 1903 et
1221 1863 1277 1903 ita
1293 1874 1433 1917 porro.

315 2003 384 2041 19.
419 1991 528 2032 Haec
574 1998 712 2031 autem
763 1989 1004 2042 neutiquam
1053 1987 1198 2031 calculi
1249 1988 1436 2044 cuipiam

174 2056 398 2098 morositati
432 2055 523 2096 sunt
554 2055 757 2095 tribuenda
778 2087 790 2106 ‚
823 2066 924 2107 quae
956 2055 1072 2095 omni
1106 2055 1180 2095 vsu
1212 2053 1431 2094 destituan-

173 2127 244 2160 tur
266 2151 279 2171 ,
310 2130 352 2160 et
382 2120 488 2159 inani
523 2119 783 2174 speculationi
838 2118 1125 2160 tantummodo
1179 2117 1394 2158 inseruiant
1413 2145 1431 2168 ‚

171 2182 237 2225 sed
268 2185 407 2239 potius
446 2193 612 2226 naturae
657 2195 801 2226 rerum
852 2184 1033 2224 maxime
1073 2182 1343 2232 innituntur,
1387 2180 1433 2221 et

819 2243 857 2287 C
890 2256 918 2296 3
1330 2254 1440 2285 cum
