1856 2653
253 222 602 269 FRIGORE
654 221 1196 266 ARTIFICIALI.
1267 230 1356 267 281

273 339 384 380 Nam
419 337 704 390 vsurpauimus
747 337 896 390 partim
948 336 1199 376 Mercurium
1249 334 1375 377 ordi-'

122 403 283 445 narium
319 413 399 442 tam
435 413 584 454 purum
620 410 753 439 tamen
776 430 787 449 ‚
839 411 960 452 quam
1014 399 1145 439 haberi
1203 400 1368 452 potuit,

123 479 244 519 quein
281 465 354 518 ipsi
407 476 566 519 quoque
617 475 731 503 more
780 464 1000 513 consueto,
1053 462 1243 516 prcffione
1296 473 1368 515 per

123 532 282 570 corium
303 559 315 579 ,
364 538 403 569 ct
436 527 653 568 filtratioue
687 539 757 579 per
792 527 905 566 tubos
937 526 1141 579 capillares
1175 524 1368 579 purifica·

124 593 262 632 vimus
295 594 347 631 ita
370 623 381 641 ‚
430 601 476 632 vt
510 590 742 645 purissimus
773 592 978 630 videretur
999 621 1010 641 ‚
1063 600 1214 642 partim
1272 600 1371 628 vero

121 655 181 695 vsi
215 656 350 695 sumus
385 655 591 696 Mercurio
624 653 875 694 reuiuifiiato
908 666 957 693 ex
990 653 1211 693 sublimato.
1290 652 1368 691 Hic

123 719 315 772 posterior
347 719 487 771 procul
520 718 643 758 dubio
678 719 802 769 priori
838 719 1009 770 purior,
1042 729 1172 769 quum
1207 715 1368 769 puriffi-

122 794 214 821 mus
249 782 381 821 haberi
417 782 535 823 soleat
557 813 568 833 ‚
612 782 798 822 inertiam
835 791 964 821 tamen
999 782 1200 833 quandam
1250 792 1370 820 mon-

122 845 240 885 strare
275 845 381 886 mihi
418 847 525 887 visus
556 845 607 884 cst
628 875 639 895 ,
673 853 777 883 certe
809 845 959 884 tardius
984 874 994 894 ,
1036 843 1182 884 lentius
1215 843 1371 883 descen-

122 908 212 948 dere
251 910 458 949 videbatur
493 911 532 949 in
568 908 898 948 Thermometris
941 907 1150 948 Mercurio
1182 906 1371 946 reuiuifi-

121 980 210 1012 cato
241 974 431 1026 repletis,
483 985 605 1026 quam
639 974 679 1013 in
714 971 800 1012 aliis
823 1002 833 1021 ‚
893 972 990 1026 quin
1023 974 1064 1012 in
1097 972 1372 1011 Thermome-

122 1044 188 1076 tro
220 1037 394 1088 quodam
428 1035 623 1076 eiusmodi
662 1037 871 1077 Mercurio
905 1035 1087 1088 repleto,
1123 1048 1200 1075 nou
1236 1034 1368 1075 solum

121 1098 316 1139 descensus
348 1100 426 1138 fuit
459 1099 697 1139 leutiffimus
719 1129 729 1148 ,
782 1100 840 1139 sed
874 1100 1000 1148 frigus
1036 1098 1141 1137 vltra
1179 1110 1265 1144 300
1301 1109 1373 1137 au-

127 1172 218 1212 gere
248 1173 328 1200 non
381 1161 530 1212 potui,
580 1160 765 1211 quamuis
817 1161 856 1198 in
907 1161 993 1198 aliis
1047 1159 1276 1199 Mercurius
1327 1160 1376 1202 ad

127 1222 483 1274 conglaciationcm
549 1221 616 1263 sub
683 1220 823 1261 iisdem
869 1222 1171 1261 circumstantiis
1219 1223 1374 1262 descen-

125 1284 266 1336 disset,
300 1287 340 1325 in
377 1285 600 1324 minoribus
632 1292 766 1323 tamen
802 1283 1130 1324 Thermometris
1164 1283 1260 1324 haec
1298 1285 1373 1326 dif-

124 1351 288 1390 ferentia
322 1355 404 1386 tam
439 1345 622 1387 notabilis
661 1344 766 1383 mihi
799 1357 877 1385 non
913 1347 966 1385 est
995 1346 1196 1388 obseruata
1289 1347 1375 1389 Ob-

100 1413 270 1453 ·seruata
305 1408 399 1449 haec
432 1420 519 1449 mea
554 1416 686 1447 tamen
713 1408 794 1456 ¹vix
830 1407 933 1448 mihi
968 1408 1148 1450 sufficere
1185 1410 1374 1452 videntur

123 1477 169 1516 ad
206 1472 503 1520 stabiliendum,
537 1472 642 1522 quod
680 1470 774 1508 haec
803 1470 1024 1510 differentia
1059 1475 1233 1514 constans
1255 1484 1374 1528 atque

123 1547 315 1592 perpetua
347 1535 428 1584 fit,
463 1533 642 1586 pluribus
676 1545 778 1586 opus
809 1532 882 1572 effe
903 1535 1065 1575 videtur
1083 1538 1373 1590 experimentis

132 1603 172 1642 in
198 1601 398 1654 posterum
433 1597 689 1638 instituendis.
756 1596 805 1638 Iu
840 1598 1027 1638 omnibns
1065 1608 1198 1640 tamen
1235 1601 1373 1641 Ther-

130 1663 345 1705 mometris
380 1661 586 1702 Mercurio
620 1659 874 1701 reuiuificato
906 1674 927 1701 a
957 1674 1021 1702 me
1047 1663 1225 1717 impletis
1240 1666 1286 1706 ad
1302 1651 1374 1706 ‘vi-

131 1736 246 1769 trum
281 1725 584 1766 Thermometri
614 1723 887 1764 adhaesionem
921 1726 1126 1767 obseruaui
1157 1733 1374 1782 quandam,

128 1793 183 1832 ita
214 1799 261 1831 vt
293 1788 401 1842 quasi
435 1788 677 1840 vnguinosus
708 1787 921 1828 videretur.
990 1790 1075 1830 Vix
1109 1799 1240 1832 tamen
1260 1805 1375 1834 ave-

127 1867 176 1896 m
207 1855 382 1895 aberrare
414 1853 693 1893 existimandus
725 1854 803 1894 erit
823 1883 834 1903 ,
865 1853 935 1906 qui
971 1856 1182 1896 contendat
1202 1887 1214 1907 ,
1254 1868 1374 1909 gene-

129 1918 251 1959 ratim
267 1927 307 1957 et
326 1917 505 1958 vniuerse
521 1916 839 1967 congelationem
862 1916 1058 1958 Mercurii
1083 1931 1132 1960 eo
1165 1919 1252 1960 fieri
1287 1922 1376 1962 faci-

129 1981 275 2022 liorem
298 2011 310 2030 ,
359 1992 442 2033 quo
493 1979 719 2022 Mercurius
754 1981 984 2034 impurior,
1009 1981 1190 2038 -adcoque
1220 1996 1242 2022 e
1277 1997 1374 2024 con-

130 2046 254 2087 :ratio
285 2044 556 2086 difficiliorem
578 2075 589 2095 ‚
616 2056 716 2098 ‚quo
752 2045 890 2100 purior
924 2044 1062 2101 fuerit„
1154 2047 1240 2088 Hae
1290 2048 1378 2089 sunt

192 2107 514 2153 Tom.x1.N0u,
529 2107 692 2151 Comm.
883 2105 927 2150 N
946 2121 974 2153 n
1238 2111 1376 2166 potio.
