1856 2653
274 192 358 236 DE
391 186 866 235 CONGELATIONE
903 185 1210 234 MERCVRII.
1289 205 1378 243 313

125 320 205 362 que
238 306 373 347 debere
406 307 606 347 videntur.
680 302 766 345 Cur
799 301 908 343 bulbi
941 315 1020 344 non
1055 306 1286 356 frangantur
1308 336 1319 356 ‚
1351 305 1383 346 fi

127 371 357 415 Mercurius
393 381 549 411 tantum
584 380 635 409 ex
670 376 816 422 parte,
865 379 944 407 non
986 379 1036 407 ex
1087 378 1174 409 toto
1228 368 1383 420 gelatus

125 437 179 477 est
201 467 211 487 ‚
247 435 398 476 facilius
432 433 687 485 intelligitur.
753 432 938 486 Impetus
969 431 1113 484 enim,
1146 433 1217 486 qui
1244 434 1384 472 omni-

124 513 178 540 no
208 501 318 539 causa
349 500 548 540 fractionis
592 495 823 551 principalis
874 497 1067 546 videtur,
1118 509 1198 537 non
1249 505 1385 537 tantus

123 564 209 614 est,
240 573 411 616 quantus
445 566 483 603 in
538 561 816 613 congelatione
868 559 982 614 plena
1006 591 1017 611 ‚
1065 572 1192 614 eoque
1245 561 1383 600 minor

125 626 323 669 Mercurii
356 629 467 681 copia
507 629 547 666 in
584 626 750 666 bulbum
788 625 947 667 intrare,
972 623 1092 674 solet,
1125 626 1260 665 cedere
1279 635 1385 676 quo-

121 704 200 745 que
253 692 409 732 facilius
460 690 619 746 poffunt
671 692 836 746 parietes
885 700 925 729 et
979 688 1151 730 laminae
1183 688 1383 731 Mercurii

119 756 330 808 congelati.

270 822 356 863 Post
383 822 592 862 innumera
614 820 833 861 tentamina
853 819 899 859 ad
917 819 1272 862 determinandum
1297 812 1383 859 ter⁴⁴

121 884 290 925 minum
323 885 526 925 vltimum
556 884 754 925 descensus
791 883 986 924 Mercurii
1022 885 1064 923 in
1099 884 1377 935 congelatione

118 948 295 988 eiusdem
348 949 489 989 frustra
542 948 638 988 faeta
663 979 674 998 ‚
715 947 878 988 adhibui
913 951 996 990 duo
1029 946 1348 988 Thermometra
1371 977 1384 998 ,

118 1023 297 1064 quorum
330 1012 473 1054 bulbus
506 1011 734 1065 sphaericus
763 1013 1013 1052 diametrum
1057 1015 1092 1058 τὲ
1120 1009 1223 1053 linea
1247 1011 1385 1052 maio-

119 1085 209 1115 rem
245 1089 323 1116 non
357 1075 527 1118 habebat.
628 1077 749 1117 Bulbi
785 1075 828 1115 hi
863 1077 978 1116 frac‘ti
1012 1089 1092 1116 non
1147 1077 1268 1125 sunt,
1324 1074 1385 1116 sed

119 1138 268 1189 intcgri
305 1140 346 1177 iii
384 1137 660 1190 congelatione
696 1139 906 1190 perstitere.
1011 1139 1224 1179 Descendit
1268 1138 1384 1179 Mer-

118 1213 191 1243 cur
210 1214 255 1242 us
289 1203 335 1243 ad
372 1207 464 1250 630
501 1212 541 1242 et
576 1205 680 1250 640.
715 1211 756 1242 et
788 1201 953 1242 videtur
984 1204 1156 1242 omnino
1196 1201 1386 1253 congela-

119 1266 180 1306 tio
213 1265 277 1306 vel
315 1265 485 1318 pei-festa
520 1263 586 1305 vel
623 1267 813 1318 proxime
843 1264 1012 1317 perfecta
1046 1265 1168 1306 fuiss‘e.
1235 1265 1384 1317 Frigus

115 1329 299 1370 naturale
332 1330 408 1369 fuit
438 1340 611 1376 :190-
676 1328 780 1369 Cera
815 1327 1016 1380 hispanica
1066 1328 1232 1369 tubulus
1253 1359 1266 1380 ‚
1317 1327 1386 1371 vbi

113 1391 236 1434 bulbo
267 1392 499 1434 adhaerebat
520 1423 531 1443 ,
582 1400 666 1431 erat
700 1392 972 1433 circumdatus
993 1422 1005 1442 ‚
1054 1405 1102 1433 ne
1154 1390 1384 1445 congelatio

115 1455 279 1510 inipso
309 1458 453 1498 tubulo
503 1455 728 1494 descensum
781 1453 1022 1495 vlteriorem
1070 1457 1290 1510 impediret
1342 1467 1384 1500 et

118 1518 289 1560 bulbum
325 1521 524 1560 obstruere
553 1516 691 1571 poss‘et.
782 1518 861 1558 Hic
893 1518 1090 1559 terminus
1121 1532 1267 1573 parum
1301 1522 1381 1563 dif-

117 1582 197 1625 fert
227 1596 249 1624 a
283 1585 492 1633 termino,
541 1593 665 1635 quem
699 1582 741 1621 in
791 1582 1058 1624 dissertatione
1110 1596 1198 1625 mea
1247 1585 1382 1639 priore

119 1647 269 1702 posui,
322 1649 467 1690 scilicet
520 1650 620 1694 650.
675 1655 715 1686 et
749 1658 879 1700 quum
911 1647 1205 1690 adcuratiffima
1238 1650 1380 1704 puncti

119 1710 406 1764 congelationis
421 1712 482 1754 seu
518 1712 682 1752 termini
714 1711 760 1752 ad
785 1724 909 1766 quem
943 1712 1175 1755 Mercurius
1206 1713 1250 1753 in
1281 1727 1380 1756 con·

119 1775 321 1829 gelatione
353 1776 551 1820 descendat
571 1808 582 1827 ,
639 1777 926 1818 determinatio
957 1777 1097 1819 locum
1131 1776 1276 1819 habere
1309 1790 1381 1818 ne-

119 1849 240 1895 queat
261 1872 274 1892 ,
306 1843 360 1883 ita
395 1852 442 1883 vt
476 1841 630 1895 semper
664 1841 772 1882 idem
807 1842 1008 1896 punctum
1031 1875 1042 1895 ‚
1091 1842 1199 1883 idem
1233 1843 1380 1883 termi-

121 1916 227 1954 nus,
267 1907 328 1946 vti
365 1907 407 1947 in
442 1906 593 1959 puncto
625 1906 912 1958 congelationis
943 1919 1066 1961 aquae
1101 1908 1197 1961 poni
1230 1906 1380 1961 posslt,

123 1967 377 2012 ob‘diuersas
412 1971 583 2011 rationes
615 1970 870 2029 potissimum
906 1984 1002 2012 cum
1038 1971 1170 2014 maior
1219 1972 1380 2022 frigoris

119 2071 126 2075 .
185 2033 700 2080 Tom.XI.Nou-Comm.
919 2038 997 2080 Rr
1233 2035 1377 2090 gradus
