1856 2653
461 208 549 257 38ss
649 196 1522 244 OBSERVATIONVM

611 315 849 357 Differentia
900 313 962 353 seu
1013 312 1185 355 variatio
1235 313 1375 354 caloris
1425 310 1548 351 huius
1591 311 1714 352 totius

463 382 555 424 anni
590 382 643 421 est
675 390 844 429 3:104.
878 378 1059 418 differens
1092 390 1114 418 a
1146 378 1300 419 summa
1333 375 1425 416 alias
1460 376 1528 416 hic
1583 374 1716 431 obser-A

464 456 555 489 vata
594 454 695 492 115.
733 443 918 494 gradibus
960 454 1032 481 11.

611 520 807 562 Ceterum
857 518 954 560 solet
998 527 1046 560 vt
1097 517 1329 574 plurimum
1374 517 1447 557 effe
1487 528 1586 558 100.
1622 530 1715 577 gra-

474 586 615 626 duum.

619 654 723 696 Haec
758 652 945 695 hactenus
977 662 1019 695 et
1051 652 1097 693 de
1131 652 1288 695 Caloris
1320 651 1605 693 variationibus
1643 649 1726 691 hu-

469 718 534 759 ius
583 722 690 758 anni·
753 718 942 772 Sequitur
967 749 979 768 ,
1028 726 1075 758 vt
1122 718 1169 758 ad
1222 717 1403 757 Meteora
1455 716 1610 769 potiora
1646 713 1726 757 hoe

472 793 577 822 anno
611 781 810 822 obseruata
842 782 1066 822 recensenda
1108 790 1148 821 et
1198 780 1428 834 exponenda
1479 791 1693 834 pergamus
1713 808 1726 830 ‚

474 844 594 899 idque
627 858 699 900 per
734 845 911 898 singulos
941 845 1034 884 anni
1070 847 1233 884 menteS.

827 949 1031 1013 Menfis
1062 951 1357 1011 Ianuarius,

629 1054 807 1097 Coelum
856 1057 991 1109 paucis
1044 1065 1204 1095 tantum
1253 1055 1386 1094 diebus
1439 1051 1516 1092 fuit
1548 1052 1731 1093 serenum

478 1116 557 1161 hoc
591 1121 720 1158 mense
745 1150 757 1169 ‚
792 1117 938 1158 scilicet
969 1119 1046 1157 sex.
1084 1129 1124 1156 2.
1157 1127 1199 1164 9.
1241 1127 1310 1154 10.
1347 1125 1416 1162 15.
1458 1125 1528 1163 17.
1566 1127 1639 1164 31.

632 1195 739 1236 Halo
778 1196 883 1235 circa
925 1194 1064 1234 lunam
1108 1192 1294 1245 adparuit
1333 1192 1371 1232 d.
1412 1201 1476 1240 15.
1512 1192 1554 1233 h.
1593 1206 1660 1234 11.
1694 1207 1734 1248 p.

484 1273 542 1301 m.
577 1260 818 1300 Barometro
854 1262 1019 1305 28.38.
1068 1255 1390 1297 Tliermometro
1447 1262 1548 1300 182.
1601 1257 1738 1301 Vento

484 1334 559 1365 00.
597 1320 723 1363 Coelo
757 1323 963 1372 vaporoso.
1012 1322 1015 1325 '

634 1392 828 1435 Altitudo
861 1402 984 1446 aquae
1015 1401 1067 1431 ex
1107 1389 1200 1429 niue
1239 1388 1449 1443 liquefacta
1489 1402 1543 1432 :2
1567 1406 1586 1433 1
1638 1391 1736 1449 poll.

490 1474 517 1500 2
552 1458 623 1498 lin.
657 1457 782 1494 Venti
817 1454 878 1493 W
911 1453 992 1493 flue
1024 1462 1074 1492 ex
1106 1452 1311 1492 occidente
1357 1454 1551 1504 spirabant
1602 1458 1738 1499 diebus

495 1534 567 1570 ¹4-
635 1517 852 1560 Nimirum
886 1517 923 1558 d.
959 1530 996 1557 1.
1035 1521 1071 1556 8.
1114 1526 1182 1554 11.
1223 1525 1277 1553 12
1333 1526 1402 1563 13.
1443 1529 1513 1566 ¹4·
1557 1522 1621 1558 16.
1666 1529 1738 1569 17.

497 1590 568 1626 18.
598 1594 662 1632 19.
696 1590 764 1621 20.
792 1591 864 1620 21.
893 1590 965 1629 25.
993 1582 1076 1630 26,
1112 1577 1215 1619 inter
1240 1589 1338 1632 quos
1361 1577 1430 1620 ille
1470 1580 1508 1622 d.
1553 1594 1620 1623 11.
1660 1584 1740 1625 fuit

493 1645 775 1692 vehementior
811 1637 866 1693 3⁰.

644 1711 712 1751 Ex
746 1708 914 1750 meridie
946 1708 1011 1748 seu
1044 1704 1070 1749 S
1095 1718 1163 1747 11.
1196 1705 1330 1747 diebus
1351 1738 1362 1758 ‚
1413 1705 1556 1750 scilicet
1603 1710 1640 1751 d.
1699 1721 1740 1759 3.

496 1787 540 1826 4.
581 1783 615 1822 ς,
651 1777 695 1812 6.
730 1782 772 1822 7.
812 1785 880 1811 22.
918 1783 988 1820 23-
1027 1784 1097 1820 24.
1137 1779 1208 1817 27.
1247 1776 1316 1812 28.
1355 1782 1423 1819 29.
1461 1770 1538 1812 Ille
1567 1774 1639 1827 qui
1665 1786 1742 1815 no·

495 1839 560 1880 ste
593 1838 698 1878 inter
731 1847 758 1886 7
795 1844 836 1875 et
871 1842 907 1877 8.
942 1834 1073 1887 flauit‚
1104 1834 1181 1874 fuit
1214 1833 1493 1876 vehementior
1529 1830 1585 1884 3⁰.

649 1909 718 1952 Ex
768 1908 1031 1964 septentrione
1082 1908 1147 1949 seu
1188 1905 1292 1948 N6.
1334 1909 1371 1950 d.
1410 1922 1449 1950 2.
1482 1921 1523 1959 9.
1563 1921 1633 1952 10.
1673 1917 1742 1960 ις.

505 1985 575 2028 30.
611 1984 682 2024 31.

652 2037 721 2081 Ex
752 2035 905 2079 oriente
937 2035 1052 2080 flauit
1085 2034 1163 2084 hoc
1197 2036 1328 2078 mense
1359 2036 1507 2092 nullus.

1593 2099 1774 2153 Regna»
