1856 2653
560 200 678 255 »ε’-ἐξ
707 200 723 259 )
758 213 786 244 0
819 199 841 259 (·
866 201 984 256 ἐξ*
1349 217 1406 261 17

709 312 815 371 VI.

142 411 240 475 De
304 417 470 471 motu
539 406 834 470 reffilineo
876 412 1052 472 trium
1093 432 1405 498 corporum

375 495 428 552 ste
472 505 678 553 mutuo
720 496 1155 560 attrahentium.

278 611 538 674 Au&0re
581 613 649 674 L.
694 616 911 678 Eulero
953 637 1085 700 pag.
1135 636 1279 699 144.

707 752 787 813 V1
816 798 831 811 .

140 833 235 897 De
279 847 444 898 motu
485 838 743 919 corporis
792 754 867 897 {ui
911 835 1030 909 duo
1071 847 1270 901 centra
1323 838 1406 900 vi-

470 926 618 982 rium
663 919 778 982 fixa
819 920 1062 984 attraffi.

282 1047 545 1110 Affiore
591 1046 660 1108 L.
707 1046 922 1108 Eulero
965 1066 1096 1131 pag.
1145 1064 1266 1125 152.

241 1218 268 1246 x
321 1217 404 1257 quo
454 1217 680 1254 corporum
728 1202 960 1243 coelestium
1019 1203 1127 1252 leges
1186 1209 1326 1244 motus
1384 1214 1409 1246 ι

270 1265 459 1306 Newtono
490 1264 665 1304 detestat:
696 1263 786 1304 sunt
805 1293 817 1314 ,
868 1264 1153 1305 Astronomiae
1186 1265 1233 1306 ad
1291 1265 1407 1306 sum-

137 1339 259 1369 mum
291 1328 494 1379 fastigium
528 1327 753 1368 euehendae
788 1328 868 1382 spes
901 1328 1037 1370 omnis
1071 1328 1115 1369 in
1145 1326 1406 1370 celebratiffi·

138 1393 199 1432 mi
234 1393 281 1433 de
313 1402 430 1433 motu
465 1393 596 1433 trium
629 1391 850 1445 corporstm
870 1388 918 1433 'se
947 1393 1167 1434 secundum
1202 1392 1290 1434 istas
1340 1390 1404 1432 le-

137 1466 206 1507 ges
251 1455 546 1497 attrahentium
610 1455 870 1512 problematis
930 1456 1099 1511 perfksta
1157 1456 1403 1498 resolutIOne

138 1522 322 1572 ponenda
354 1522 420 1562 cst.
516 1521 762 1576 Quanquam
795 1520 907 1561 enim
941 1533 1138 1562 numerus
1171 1533 1400 1577 corporum

137 1583 180 1624 iu
234 1584 427 1637 planetari
478 1587 610 1627 nostro
663 1585 870 1637 systemate
903 1585 976 1626 sese
1009 1594 1159 1626 mutuo
1191 1583 1401 1627 attrahen-

138 1647 247 1688 tium
282 1650 487 1689 maximus
519 1651 608 1691 imo
641 1649 823 1691 infinitus
856 1649 936 1701 fit;
971 1658 1107 1690 tamen
1127 1681 1140 1702 ‚
1171 1661 1270 1691 cum
1295 1660 1400 1691 euo-

136 1709 244 1752 lutio
279 1723 416 1754 motus
452 1713 639 1768 plurium
671 1725 891 1767 corporum
915 1745 927 1765 ‚
977 1714 1050 1755 nifi
1096 1722 1216 1756 motu
1265 1712 1399 1756 trium

136 1776 360 1829 expedito,
408 1780 555 1832 sperari
607 1792 688 1821 non
740 1778 886 1831 poffit:
941 1777 1008 1821 hic
1055 1779 1162 1819 casus
1200 1787 1395 1832 tanquam

136 1840 223 1880 fons
274 1850 312 1881 et
353 1842 664 1883 fundamentum
704 1842 963 1896 perficiendae
997 1842 1173 1884 siderum
1213 1842 1398 1884 scientiae

138 1903 300 1956 spestari
336 1907 459 1948 debet.
526 1908 683 1948 Verum
718 1906 796 1949 hoc
831 1908 965 1961 ipsum
998 1908 1047 1949 de
1081 1907 1209 1948 tribus
1248 1918 1396 1962 corpo-

78 1978 80 1981 ’
137 1968 246 2014 tibus
276 1970 494 2013 secundum
528 1973 634 2025 leges
666 1971 850 2013 Newtoni
883 1972 957 2012 sese
981 1971 1271 2013 attrahentibus
1296 1983 1397 2025 pro·-

137 2030 268 2076 blema
317 2048 413 2078 curn
462 2037 567 2078 sensu
627 2035 799 2090 generali
851 2044 1059 2093 acceptum
1096 2037 1206 2080 vires
1238 2032 1396 2100 ingen{i

202 2097 326 2140 Tom.
338 2100 417 2142 XI.
429 2099 539 2143 Nou.
551 2100 718 2144 Comm.
903 2114 925 2143 c
1241 2099 1393 2152 humr,
