1856 2653
333 216 718 265 'LIPSIAE
771 222 1146 268 HABITAE.
1247 236 1384 280 '559

136 332 206 374 dae
240 331 449 375 Pleiadum
481 347 506 383 η
541 346 562 375 a
596 334 755 388 cuspide
790 335 970 376 inferiori
1005 351 1026 376 c
1061 337 1101 377 in
1134 338 1385 383 coniunctio·

136 408 196 436 ne.
285 397 382 439 Non
436 398 573 439 multo
626 399 710 453 post
762 399 1007 440 obseruatum
1059 402 1383 446 coniunctionem

136 462 391 515 conspeetum
439 462 556 504 lunae
605 464 796 517 eripiebat
848 464 1076 505 aedificium
1118 466 1387 519 oppositum,

134 525 239 578 qui,
281 525 371 567 licet
403 527 533 568 denuo
566 528 715 568 rediret
737 559 747 578 ‚
796 528 1112 570 obseruationem
1150 539 1283 583 tamen
1317 532 1386 571 vl·-

136 589 331 630 teriorem
382 603 459 631 non
511 592 701 643 admisit,
754 593 942 633 extinctis
991 593 1139 633 scilicet
1180 594 1329 634 interea
1363 607 1386 635 a

133 651 294 694 lumine
325 655 566 707 crepusculi,
602 669 708 698 nunc
743 656 866 695 nimis
897 657 1012 707 forti,
1049 657 1255 698 Pleiadum
1292 657 1384 698 ssel-

133 716 194 756 lis.
263 718 506 772 Exploratio
540 722 658 762 status
694 719 900 771 horologii
935 721 1168 762 oscillatorii
1196 751 1207 770 ‚
1243 723 1283 760 in
1316 724 1396 763 ob··'

131 780 416 825 sei-nationibus
448 784 647 836 adhibiti,
699 784 873 836 respcstu
911 786 1106 838 temporis
1147 785 1234 824 veri
1286 786 1385 826 facta

130 845 186 885 est
217 858 295 900 ope
328 849 593 890 altitudinum
629 848 732 892 Solis'
766 848 1091 899 respondentium
1125 848 1275 899 dicbus,
1313 860 1387 900 13,

138 920 226 959 14,
245 910 351 951 Iulii
378 911 492 954 coelo
522 913 657 995 sereno
689 920 914 965 capt·u·.um

132 1029 359 1111 Eclipfis
420 1034 557 1090 Solis
614 1033 852 1111 partialis
902 1031 957 1089 d.
1014 1035 1101 1093 16·
1159 1029 1382 1112 August

150 1111 311 1221 styl.
360 1136 490 1175 nov.
540 1119 705 1192 1765.
754 1129 931 1194 temp
980 1118 1124 1175 ciuil.
1170 1116 1318 1174 horis

515 1199 956 1281 pomeridianis,

279 1348 417 1391 Nubes
451 1351 545 1392 licet
576 1353 754 1405 copiosae
787 1353 980 1401 exiguam
1015 1352 1125 1401 spem
1146 1380 1158 1400 ‚
1194 1349 1378 1404 Eclipsm

130 1413 325 1462 videndi,
373 1413 679 1464 relinquerent3
730 1411 898 1451 feliciter
949 1423 1081 1452 tamen
1112 1414 1264 1454 factum
1299 1415 1352 1455 est
1372 1445 1384 1466 ,

129 1485 209 1524 vt,
243 1476 589 1528 appropinquante
622 1472 790 1527 Eclipsss
826 1475 946 1514 initio
968 1506 979 1525 ‚
1031 1473 1101 1515 Sol
1137 1488 1208 1528 per
1248 1475 1384 1516 hiatus

130 1539 300 1579 nubium
337 1537 432 1577 bene
464 1539 670 1578 interdum
704 1549 943 1579 cerneretur.
1026 1537 1224 1580 Adhibito
1257 1541 1384 1592 igitur
1418 1578 1422 1582 .

129 1603 249 1643 Tubo
280 1602 564 1643 Astronomico
596 1605 637 1642 6.
676 1603 787 1655 ped,
820 1605 936 1643 cuius
986 1603 1313 1657 descriptionem·
1341 1605 1384 1644 in

129 1666 255 1707 Tom.
287 1666 363 1707 VI.
397 1664 508 1706 Nou.
540 1665 821 1708 Commentar.
855 1682 896 1722 p.
936 1675 1037 1715 550.
1067 1668 1190 1719 dedi,
1239 1665 1382 1710 Solem

130 1729 342 1782 diligenter
392 1730 684 1784 contemplatus
725 1731 845 1783 sum,
894 1740 936 1771 et
969 1731 1127 1771 tandem
1161 1731 1382 1782 ingressum

129 1792 249 1836 lunae
279 1795 319 1834 in
353 1795 505 1835 discum
539 1794 641 1836 Sor-e
664 1826 674 1845 ‚
727 1807 798 1849 per
845 1795 965 1835 nubes
1018 1804 1156 1836 tenues
1206 1795 1383 1836 translu-

126 1859 254 1899 centis
274 1889 285 1909 ,
335 1857 501 1899 feliciter
542 1858 795 1913 deprehendi.
897 1858 1054 1901 Scilicet
1087 1852 1237 1909 4h.29‘
1265 1859 1379 1907 15²².

128 1932 255 1977 temp.
286 1923 374 1964 veri
407 1922 579 1975 lunam,
628 1923 733 1966 Solis
766 1924 991 1977 marginem
1028 1931 1232 1977 penetrare
1278 1922 1381 1963 inci-

127 1988 310 2041 pientem
332 2016 344 2035 ,
393 1989 580 2044 primum
613 1980 797 2043 conspexi
823 2003 844 2041 3>
884 1998 924 2029 et
953 1987 1381 2030 facileconcedebatur

129 2051 358 2110 aestimium
379 2083 392 2105 ‚
423 2051 648 2095 limborum
683 2053 798 2099 Solis·
818 2062 859 2094 et
892 2051 1012 2095 lunae
1036 2046 1272 2096 'contac'tum
1298 2059 1382 2092 've-

1279 2126 1378 2156 rum
