1856 2653
324 1258 415 1295 Tab.
427 1260 483 1294 lx.

345 1312 418 1355 Fig.
449 1322 465 1345 1
473 1334 482 1344 .

520 211 613 246 234
922 195 1037 237 DE
1102 194 1365 236 MOTV

517 310 660 350 stulare
709 309 927 350 videbatur.
1011 308 1220 360 Postquam
1269 317 1404 349 autrm
1437 306 1514 349 hoc
1548 320 1766 360 argumem·

516 383 608 414 tum
642 375 771 417 denuo
803 373 980 413 examini
1015 372 1279 424 iubieciisem‚
1315 373 1511 424 insignem
1552 372 1648 413 lianc
1669 385 1768 427 pro-

513 438 726 491 priatatem
763 438 917 487 semper
953 436 1090 474 locum
1128 436 1266 476 habere
1307 438 1444 480 debere
1493 436 1770 490 deprehendi,
1822 463 1825 465 >

513 512 562 540 vt
593 502 747 553 quoties
781 497 898 539 mzlffa
931 498 1051 539 fluida
1084 501 1130 539 ad
1164 512 1274 553 pares
1317 500 1546 541 altitudines
1594 501 1637 540 iu
1684 512 1768 540 vno

513 563 604 604 loco
639 565 759 603 fuerit
793 553 991 613 calidior,
1042 574 1165 615 quain
1199 565 1238 602 iu
1272 563 1352 605 alio
1374 597 1384 617 ,
1438 574 1530 603 tum
1573 575 1770 617 perpetuo

512 628 555 674 in
593 629 750 679 regione
788 627 965 667 infarioi]
1000 625 1175 665 fluidum
1209 639 1230 666 a
1263 627 1352 669 loco
1387 629 1596 678 frigidiore
1627 629 1668 668 in
1702 639 1769 666 ca-

512 691 700 732 lidzorem
725 723 735 741 ,
770 701 907 730 costra
940 702 1038 730 vero
1073 691 1112 729 in
1150 691 1315 741 regione
1349 692 1546 743 superiori
1599 704 1621 731 a
1670 690 1770 731 cali-

512 754 624 794 diore
658 755 697 794 in
733 755 986 805 frigidiorem
1018 755 1109 794 ferri
1172 755 1319 795 debere.
1402 755 1514 810 Quae
1566 753 1770 813 con'cblufio

511 831 607 858 cum
644 830 714 871 per
747 817 1042 871 experientiam
1095 818 1266 857 mirifice
1317 818 1586 859 confirmetur
1608 819 1769 871 ‚'²quo-

511 882 624 929 niam
661 880 783 921 talem
822 891 985 921 motum
1016 880 1057 918 in
1094 881 1261 920 caminis
1293 893 1335 921 et
1370 882 1624 935 hypocaustis
1664 880 1771 922 cale-

511 945 623 986 fastis
657 943 866 986 clariffime
898 944 1151 984 obseruamns
1173 976 1183 995 ‚
1218 948 1387 985 omniuo
1419 947 1537 997 digna
1570 946 1733 985 videtur
1758 975 1770 997 ,

512 1017 561 1050 vt
591 1020 682 1048 eam
717 1009 938 1050 accuratius
971 1005 1163 1047 euoluam
1186 1038 1197 1058 ‚
1251 1017 1368 1061 atque
1400 1011 1497 1049 adeo
1528 1008 1654 1061 ipsam
1688 1006 1771 1047 hu-

511 1072 575 1112 ius
610 1081 749 1112 motus
795 1072 1094 1123 generationem
1116 1102 1128 1123 ,
1179 1082 1376 1125 quatenus
1426 1071 1590 1126 quidem
1641 1070 1781 1126 licet„

511 1134 694 1176 distinete
726 1146 949 1189 exponam„

656 1274 699 1310 4.
767 1261 1077 1304 Consideremus
1128 1271 1227 1311 ergo
1297 1273 1365 1301 vas
1432 1260 1520 1301 sads
1578 1260 1779 1315 amplum:

512 1324 693 1369 ABCD
732 1317 857 1364 fluido
887 1335 1124 1376 quocunque
1156 1323 1358 1375 repletum
1381 1353 1392 1372 ‚
1433 1324 1474 1362 in
1510 1324 1625 1363 cuius
1659 1334 1770 1377 parte

517 1388 689 1434 ABEF
725 1400 802 1441 ope
837 1387 940 1439 ignis
975 1386 1137 1426 subiesti
1176 1385 1308 1426 multo
1343 1386 1474 1425 maior
1509 1385 1649 1426 caloris
1675 1399 1771 1439 gra-

511 1455 584 1495 dus
619 1451 852 1492 sustineatur
874 1481 885 1500 ,
920 1461 1043 1501 quam
1078 1449 1119 1487 in
1155 1457 1267 1500 parte
1302 1449 1454 1501 reliqua
1490 1448 1680 1502 EFCD‚
1713 1452 1768 1492 ita

512 1527 561 1558 vt
595 1515 772 1556 fluidum
806 1514 846 1552 in
883 1510 954 1552 illa
991 1519 1101 1564 parte
1136 1511 1185 1550 ob
1223 1512 1420 1551 maiorem
1455 1511 1632 1552 calorem
1685 1515 1770 1565 mi-

512 1591 610 1621 nore
645 1579 872 1632 praeditum
908 1574 958 1615 fit
991 1573 1178 1615 densitate
1211 1587 1335 1628 quam
1367 1575 1409 1613 iu
1444 1573 1516 1615 hac
1536 1606 1546 1626 ‚
1595 1574 1665 1615 vbi
1699 1575 1768 1618 fri-

511 1645 658 1696 gidum
709 1640 934 1682 assumitur.
1034 1638 1322 1692 Concipiamus
1378 1638 1523 1691 primo*
1567 1636 1636 1679 has
1673 1639 1770 1680 duas

512 1715 644 1761 partes
680 1705 826 1757 pariete
861 1701 1046 1742 verticali
1082 1702 1162 1744 EF
1197 1714 1219 1741 a
1253 1702 1289 1742 se
1342 1701 1519 1743 inuicem
1567 1701 1768 1756 separari,

512 1770 699 1820 huncque
735 1768 928 1822 parietem
962 1766 1125 1806 inferius
1161 1766 1201 1805 in
1222 1763 1262 1817 f
1284 1765 1434 1816 exiguo
1466 1765 1662 1807 foramine
1694 1766 1767 1806 esse

514 1831 760 1888 pertusum3
806 1841 924 1883 atque
977 1840 1024 1869 vt
1075 1831 1157 1870 iam
1208 1825 1385 1868 fluidum
1436 1830 1478 1869 in
1532 1828 1766 1882 aequilibrio

513 1898 651 1937 existat
672 1927 683 1946 ‚
733 1895 899 1948 ideoque
952 1891 1092 1946 preffio
1126 1893 1167 1932 in
1200 1891 1396 1932 foramine
1415 1892 1453 1946 f
1476 1893 1665 1945 vtrinque
1700 1906 1765 1934 ae-

515 1960 646 2015 qualis
680 1959 867 2000 habeatur
889 1990 900 2009 ‚
931 1957 1093 1997 euidens
1123 1955 1176 1995 est
1210 1954 1335 1996 fluido
1367 1956 1409 1995 in
1446 1965 1556 2009 parte
1590 1955 1764 2000 ABFE
1828 1972 1830 1974 ·

515 2025 718 2068 maiorem
751 2021 1011 2068 altitudinem
1042 2019 1275 2067 BK:FL
1308 2019 1434 2063 tribui
1451 2021 1608 2075 debere,
1640 2033 1765 2076 quam

1718 2097 1764 2127 m
