1856 2653
476 194 567 239 ςισ
710 183 1489 229 INVESTIGATIO

468 302 604 353 augeri
640 314 717 340 non
752 300 867 355 poffe.
934 299 1007 342 Sed
1043 310 1138 339 cum
1174 299 1251 342 hoc
1279 307 1546 352 augmentum
1567 297 1608 338 in
1631 311 1715 340 me-

463 379 506 407 ra
538 366 762 408 conicetur-21
796 366 1004 415 fundetur,
1036 374 1075 404 et
1108 368 1239 406 omnis
1270 365 1489 406 obseruatio
1507 363 1712 404 conicetu—

463 443 527 470 rae
561 430 608 469 sit
645 431 920 482 praeferenda,
957 430 997 469 in
1033 440 1204 470 numero
1240 433 1496 470 minutorum
1528 430 1715 468 secundo-

461 504 557 533 rum
591 506 612 532 a
647 505 713 532 me
746 493 952 533 obieruato
988 494 1138 534 merito
1171 494 1468 548 acquiescimus.

607 569 849 624 Quanquam
888 578 1149 611 momentum
1184 571 1387 612 cont-,istus
1422 567 1633 609 exterioris
1673 569 1716 610 in

460 634 573 675 exitu
608 636 742 674 minus
776 645 933 674 certum
969 633 1017 674 sit
1050 646 1093 676 ac
1129 635 1328 674 interioris
1350 664 1360 684 ‚
1403 644 1550 672 verum
1584 634 1714 673 incer-

460 700 593 740 titudo
628 698 723 737 haec
757 712 835 739 uon
869 700 914 738 de
947 700 1118 738 minutis
1155 699 1296 752 primis
1319 730 1329 748 ‚
1378 707 1525 736 verum
1558 697 1605 737 de
1656 695 1716 736 se·-

459 764 596 804 cundis
631 770 790 802 tantum
826 763 1083 813 intelligenda
1117 762 1180 803 est.
1257 763 1314 802 Et
1348 772 1445 800 cum
1481 772 1594 800 mora
1630 760 1714 801 Ve-

460 828 566 867 neris
599 826 641 864 in
673 822 800 868 limbo
833 824 938 867 Solis
972 839 993 864 a
1028 839 1095 865 me
1127 827 1328 866 obseruata
1364 824 1532 865 18s.6s'
1568 834 1716 878 parum

458 899 530 930 aut
566 886 670 929 nihil
703 882 858 929 'differat
889 901 910 928 a
945 886 1142 942 reliquis,
1195 899 1451 943 quaecunque
1485 886 1527 927 in
1579 887 1715 928 lucem

455 954 639 1008 prodiere
663 983 674 1002 ,
719 953 1088 1004 obseruationibus,
1135 965 1315 993 errorem
1350 954 1391 992 in
1427 951 1597 991 minutis
1631 952 1729 1005 pri·

457 1019 539 1060 mis
585 1018 785 1068 statuere,
829 1017 936 1057 idem
987 1017 1039 1057 est
1067 1046 1079 1066 ,
1127 1029 1170 1056 ac
1221 1017 1284 1055 ius
1335 1016 1445 1055 nobis
1495 1026 1681 1065 arrogare
1705 1044 1717 1064 ‚

456 1092 599 1123 omnes
632 1080 920 1121 obseruationes
967 1079 1137 1132 impune
1186 1087 1227 1118 et
1278 1089 1353 1131 pro
1400 1077 1535 1118 lubitu
1587 1077 1721 1120 nostro

457 1142 719 1187 immutandi.

606 1224 753 1267 Euid'ta
790 1227 923 1280 itaque
958 1222 1196 1265 certitudine
1231 1222 1432 1264 momenti
1465 1222 1669 1265 contactus
1697 1235 1720 1265 a

455 1300 525 1328 me
575 1288 825 1341 Selenginski
880 1288 1074 1330 obseruari
1101 1319 1113 1339 ‚
1163 1289 1417 1328 excutiamus
1457 1288 1719 1340 diligentius3

455 1363 558 1392 num
595 1353 697 1393 forte
730 1351 952 1393 differentia
988 1352 1305 1389 meridianorum
1340 1351 1456 1402 supra
1490 1364 1511 1390 a
1547 1364 1611 1390 me
1642 1353 1717 1392 sta*-

453 1413 568 1457 bilita
589 1443 602 1467 ,
633 1414 875 1456 mutationis
904 1411 1074 1452 alicuius
1107 1420 1148 1451 et
1180 1419 1350 1464 quantae
1383 1424 1506 1465 capax
1540 1411 1613 1453 sit?

799 1535 852 1597 E
896 1534 958 1596 X
1003 1537 1061 1597 A
1106 1531 1173 1593 M
1218 1531 1267 1590 E
1315 1529 1373 1590 N

458 1629 978 1714 Longitudinis
1019 1629 1227 1689 Vrbis
1269 1627 1726 1710 Selenginsk.;

606 1751 675 1793 Ex
709 1761 885 1804 quatuor
920 1747 1252 1793 Immerfionibus
1279 1749 1512 1792 satellitum
1569 1751 1714 1804 Iouis,

452 1825 493 1858 et
541 1814 624 1857 fine
676 1815 881 1869 Eclipteos
933 1814 1115 1868 Solaris,
1165 1813 1413 1867 Selenginski
1465 1817 1710 1867 obseruatis,

450 1878 770 1932 Longitudinem
810 1878 1068 1921 obseruatorii
1121 1880 1204 1920 mei
1255 1879 1512 1923 deduxeram.
1610 1879 1710 1922 Mo·

454 1944 606 1987 mentis
640 1943 964 1985 Immerfionum
1001 1944 1126 1998 primi
1160 1941 1351 1986 satellitis
1386 1944 1498 1984 Iouis
1529 1956 1582 1984 ex
1625 1944 1710 1985 Ta—

452 2007 556 2052 bulis
588 2006 677 2051 Cel.
710 2007 948 2064 Wargentini
979 2008 1156 2051 deductis
1167 2037 1186 2061 ,
1219 2008 1398 2063 applicui
1417 2009 1710 2050 comestionem

1543 2071 1710 2123 -40“,
