1856 2653
455 189 1161 236 FVNCTIONVM.
1386 209 1440 250 1'7

185 307 303 353 dueta
379 304 519 349 Simili
561 307 684 347 modo
734 304 763 345 fi
814 305 959 348 relat'o
1006 307 1208 362 proposita
1257 306 1446 351 inuoluat

185 371 457 413 differentialia
507 370 662 410 iecundi
696 372 873 422 gradus,
914 374 1110 426 quoniam
1145 371 1299 427 duplici
1342 386 1444 428 opus

182 436 234 476 est
285 436 548 488 integratione
579 464 591 484 ,
642 435 792 476 solutio
842 436 1044 490 completa
1096 437 1192 478 duas
1242 440 1444 481 eiusmodi

181 501 397 541 constantes
415 499 638 540 arbitrari-as
657 499 875 553 complecti
894 501 1025 552 debe-t;
1054 510 1131 542 tres
1151 514 1250 542 vero
1266 504 1445 543 eiusmo-

182 565 221 604 di
243 566 457 606 coustantes
483 564 751 616 requiruntur
771 596 782 615 ,
817 564 845 604 fi
880 567 1131 618 aequationes
1164 565 1445 607 differentiales

184 630 294 669 tertii
332 631 477 682 gradus
510 627 680 680 perfecte
726 627 999 669 resoluuntur.
1079 629 1145 670 De
1194 630 1258 670 his
1304 638 1445 671 autem

182 694 443 734 constantibus
477 693 516 732 id
550 693 762 745 praecipue
794 692 848 733 est
881 694 1138 744 notandum,
1190 695 1297 747 quod
1347 706 1444 735 cum

181 767 324 797 natura
361 756 662 811 problematum
696 756 916 796 aretiffimo
948 769 1053 797 nexu
1080 756 1316 799 cohaereant
1337 790 1347 810 ,
1383 768 1444 800 at-

179 832 259 875 que
291 823 432 861 omnia
466 820 709 875 problemata
730 851 742 871 ‚
777 832 959 873 quorum
993 821 1188 863 resolutio
1218 824 1266 864 ad
1299 834 1445 876 aequa-

179 887 307 926 tiones
340 882 619 927 differentiales
654 886 886 937 perducitur
908 915 919 936 ,
970 884 1025 926 ita
1059 885 1136 926 fint
1178 897 1412 940 comparata
1432 918 1443 939 ‚

179 959 228 990 vt
259 950 342 1003 post
376 950 580 1003 peractam
615 948 925 1001 integrationem
965 950 1181 991 constantes
1231 950 1328 991 illae
1378 953 1444 991 in·-

181 1013 326 1065 grefl'ae
357 1026 408 1055 ex
443 1014 523 1068 ipsa
559 1013 616 1053 rei
651 1024 793 1054 natura
831 1023 872 1054 et
906 1014 1214 1057 circumstantiis
1247 1015 1445 1058 adiunctis

178 1079 559 1119 determinationem
593 1078 705 1118 suam
740 1079 1019 1133 adipiscantur.

346 1171 417 1205 τις.
485 1161 561 1197 His
603 1161 730 1209 igitur
779 1159 928 1197 constat
970 1157 1106 1207 prima
1145 1167 1235 1210 pars
1283 1156 1445 1209 Analy-

178 1221 260 1262 scos
294 1220 576 1269 infinitorum,
609 1233 710 1271 quae
742 1219 844 1257 circa
878 1218 1100 1257 funffiones
1134 1221 1255 1258 vuius
1282 1228 1444 1260 tantum

183 1281 386 1324 variabilis
419 1280 628 1321 versantur
648 1312 658 1332 ‚
694 1288 812 1333 atque
845 1290 896 1318 ex
929 1277 994 1317 his
1025 1278 1161 1321 multo
1195 1280 1352 1324 facilius
1379 1284 1444 1322 in-

181 1345 415 1397 telligetur‚
435 1346 531 1399 quid
564 1346 612 1385 de
653 1343 818 1399 reliquis
853 1343 1032 1397 partibus
1052 1374 1063 1395 ‚
1097 1344 1139 1384 in
1173 1346 1318 1399 quibus
1351 1346 1445 1387 fun-

183 1410 332 1451 (tiones
361 1411 537 1450 duarum
572 1408 812 1464 pluriumue
831 1408 1116 1460 variabilium‚
1137 1408 1186 1449 fit
1212 1411 1443 1452 tenendum.

180 1474 229 1516 In
263 1473 591 1514 differentialibus
616 1484 753 1514 autem
774 1473 854 1512 iam
873 1473 1023 1512 d'ucrsa
1045 1473 1357 1525 deprehenditur
1375 1487 1442 1516 ra-

181 1540 257 1590 tio,
273 1551 369 1579 cum
395 1549 438 1577 ea
466 1536 534 1578 hic
560 1550 638 1579 non
663 1535 836 1578 absolute
871 1536 975 1575 inter
1008 1536 1042 1576 se
1059 1549 1293 1590 comparare
1312 1539 1441 1580 Lceat.

182 1602 223 1644 Si
266 1604 378 1642 enim
408 1614 433 1641 z
466 1602 587 1642 suerit
619 1601 775 1642 functio
824 1611 1081 1653 quaecunque
1129 1600 1316 1642 binarum
1368 1616 1443 1644 va-

182 1666 389 1706 riabilium
423 1677 452 1706 x
483 1675 523 1706 et
539 1679 573 1717 y
594 1697 605 1717 ,
637 1667 737 1708 circa
769 1664 1147 1705 differentiationem
1181 1667 1355 1719 quaestio
1380 1667 1442 1708 bi-

184 1730 332 1784 partita
364 1729 417 1770 est
450 1730 677 1771 statuenda:
713 1730 851 1784 primo
889 1729 1037 1769 scilicet
1076 1731 1288 1783 quaeritur
1329 1730 1441 1773 diffe-

182 1794 351 1835 rentiale
386 1793 508 1846 ipsius
542 1807 589 1844 z,
622 1795 723 1835 dum
757 1794 935 1833 seruante
953 1806 986 1845 y
1017 1794 1191 1834 eundem
1223 1794 1407 1837 valorem
1431 1827 1441 1847 ,

182 1858 309 1900 altera
343 1857 544 1898 variabilis
578 1870 606 1898 x
635 1856 885 1900 differenti-ali
920 1858 991 1898 suo
1032 1857 1092 1897 dx
1140 1868 1312 1910 augetur
1334 1892 1344 1911 ,
1395 1870 1442 1901 vt

184 1932 274 1973 inde
314 1931 430 1972 valor
480 1931 680 1972 fractionis
727 1913 783 1982 ἓι-,ῗ
831 1931 1068 1971 obtineatur.
1141 1929 1280 1972 Simili
1316 1933 1441 1972 modo

182 1996 347 2037 tractata
379 2007 408 2034 x
440 2004 487 2035 vt
520 1995 730 2044 constante,
748 1994 870 2034 altera
887 2007 921 2046 y
953 1995 1249 2037 incrementum
1284 1994 1346 2046 dy
1375 2009 1440 2036 ca-

185 2072 276 2112 pere
307 2058 538 2111 assumitur,
569 2068 608 2099 et
641 2058 810 2100 collecto
842 2059 933 2099 inde
966 2060 1215 2099 incremento
1248 2058 1327 2110 dz,
1359 2072 1441 2113 quo

184 2132 339 2172 fun-etio
371 2145 397 2171 z
430 2141 601 2183 augetur
622 2163 634 2182 ‚
677 2131 817 2173 fractio
847 2115 903 2192 :fi-J
943 2131 1145 2171 rationem
1194 2129 1439 2171 differenda-

248 2194 370 2236 Tom.
383 2195 460 2236 XI.
473 2195 584 2237 Nou.
595 2195 760 2237 Comm.
1031 2193 1066 2235 C
1354 2192 1438 2234 lem
