1856 2653
475 228 563 266 304
724 209 1464 255 SVPPLEMENTA

475 339 557 368 non
589 324 744 379 possunt
766 356 777 374 ‚
810 337 891 379 quo
920 324 1024 363 inter
1052 324 1129 364 alia
1163 324 1361 377 pertinent
1392 321 1613 375 frequentes
1645 334 1719 364 au-

473 402 591 430 rorae
641 389 844 436 bonam,
896 389 1115 441 frequentts
1166 387 1327 428 haim-,es
1375 386 1466 427 solis
1499 394 1538 425 et
1571 388 1719 438 lunae,

477 452 619 495 Parelii
643 483 654 502 ,
706 452 974 503 Par-aselenae,
1025 462 1065 491 et
1112 450 1200 491 alia.
1271 451 1384 505 Quae
1416 461 1487 489 nos
1519 461 1718 502 praeterea

476 528 582 557 noua
616 518 715 555 circa
748 516 1067 566 congessationem
1103 514 1299 554 Mercurii
1333 527 1354 553 a
1399 522 1582 565 tempore
1633 513 1723 566 pri-

477 591 567 620 mae
614 580 843 619 detectioms
888 592 908 617 a
944 580 1053 618 nobis
1086 577 1205 618 factae
1239 579 1463 630 reperimus
1496 585 1536 615 et
1569 576 1723 616 detexi-

476 654 571 684 mus
618 641 684 682 hic
733 641 966 692 Petroburgi
1002 672 1013 691 ‚
1071 644 1186 681 nouis
1244 639 1385 681 multis
1433 639 1725 692 experimentis

478 706 605 757 captis
627 735 638 756 ,
688 718 792 745 nunc
845 707 1017 748 indicare
1049 704 1223 744 breuiter
1255 704 1440 743 animum
1476 703 1723 742 induximus.

477 768 652 811 Interim
688 780 1015 821 praemoneamus
1051 768 1195 806 necesse
1246 767 1298 807 est
1320 797 1331 816 ,
1380 766 1528 805 labores
1579 765 1728 805 nostros

481 830 638 874 multos
668 841 708 870 et
742 830 1032 871 molestissimos
1064 831 1145 882 spei
1178 839 1218 868 et
1251 839 1358 869 vots
1405 829 1544 868 nostris
1593 829 1729 868 minus

480 894 697 936 satisfecisse
717 924 729 944 ,
761 906 885 947 quam
918 892 1241 933 existimauimus
1260 922 1272 943 ,
1307 893 1368 932 vti
1402 903 1452 931 ex
1485 892 1731 945 sequentibus

483 956 645 1014 patebit.

632 1055 804 1098 Certum
838 1056 995 1107 frigoris
1029 1058 1198 1110 gradum
1235 1060 1273 1098 iu
1309 1061 1399 1099 a'e're
1430 1057 1580 1111 requiri
1616 1063 1734 1096 natu-

486 1118 615 1160 ralem
637 1149 649 1169 ‚
691 1119 722 1158 fi
753 1119 976 1169 congelatio
1011 1122 1201 1159 Mercurii
1234 1122 1329 1158 bene
1362 1123 1561 1159 succedere
1593 1120 1704 1159 debet
1723 1146 1736 1168 ,

487 1183 710 1234 generatim
745 1181 827 1220 iam
869 1189 981 1220 anta
1032 1183 1188 1221 monui.
1284 1181 1445 1224 Scilicet
1495 1180 1641 1221 multis
1688 1181 1737 1222 ad

489 1244 600 1284 hunc
633 1243 758 1283 finem
793 1254 910 1281 nouis
944 1243 1132 1283 institutis
1165 1245 1450 1296 experimentis
1483 1245 1612 1298 reperi
1646 1254 1740 1295 gra-

491 1307 591 1347 dum
634 1315 712 1352 175
751 1303 869 1343 scalae
903 1304 1126 1344 Delilianae
1160 1306 1231 1345 css‘e
1265 1308 1488 1347 minimum
1514 1339 1522 1352 ‚
1557 1309 1624 1347 sub
1658 1318 1741 1358 quo

490 1369 623 1422 aliqua
658 1367 852 1408 Mercurii
886 1367 1107 1417 congelatio
1138 1369 1303 1420 produci
1338 1380 1421 1409 arte
1456 1369 1583 1422 poffit.
1665 1368 1740 1409 Sed

492 1431 616 1474 simul
636 1441 807 1482 ⁴quoque
840 1430 1012 1479 cognoui
1035 1459 1046 1478 ‚
1089 1430 1405 1480 congelationem
1442 1432 1640 1473 Mercurii
1672 1431 1740 1470 sub

494 1494 574 1535 hoc
623 1492 783 1542 frigoris
833 1492 958 1541 gradu
994 1491 1158 1544 ,saepius
1201 1492 1274 1531 vix
1308 1505 1350 1532 ac
1385 1505 1435 1533 ne
1467 1495 1542 1534 vix
1575 1493 1740 1546 quidem

492 1555 694 1600 succedere
718 1584 730 1604 ,
775 1561 814 1592 et
862 1553 892 1593 fi
925 1554 1130 1605 succedit,
1177 1566 1267 1594 eam
1301 1556 1519 1596 admodum
1554 1557 1635 1595 effe*
1659 1555 1743 1596 im-
1803 1555 1806 1558 ’

495 1618 724 1676 perfectam.
800 1614 909 1656 Nam
942 1626 1104 1657 tantum
1136 1618 1236 1659 circa
1269 1620 1437 1671 parietes
1469 1618 1577 1660 bulbi
1609 1618 1744 1660 Ther-

500 1681 694 1724 mometri
728 1689 863 1719 tenues
899 1678 1071 1719 laminae
1104 1682 1287 1732 adparere
1319 1682 1442 1724 solent
1465 1714 1476 1734 ,
1510 1684 1566 1722 ita
1600 1693 1647 1723 vt
1679 1693 1744 1721 re·
1790 1715 1793 1717 μ

499 1746 610 1799 liqua
646 1742 840 1785 Mercurii
868 1737 964 1796 'pars
997 1743 1109 1797 plane
1149 1744 1272 1786 fluida
1322 1755 1562 1800 permaneat.
1657 1745 1745 1786 Hoc

500 1808 880 1863 experimentorum
934 1818 1058 1857 genus
1122 1810 1277 1860 optime
1342 1810 1563 1850 instituitur
1627 1809 1746 1860 vitris

502 1871 869 1914 Thermometricis
902 1881 953 1910 ex
986 1880 1097 1924 parte
1129 1879 1287 1912 tantum
1322 1873 1530 1914 Mercurio
1557 1870 1746 1926 repletis,

502 1937 560 1978 ita
593 1947 714 1989 quam
748 1932 1032 1975 distinetiffime
1073 1935 1244 1977 laminae
1293 1937 1340 1978 ad
1389 1938 1557 1994 parietes
1603 1934 1746 1977 adhae-

493 2002 635 2042 'tentes
664 1999 834 2055 conspici
864 1997 1047 2052 poss'unn

1587 2085 1757 2146 Qum,
