1856 2653
341 171 983 219 METEOROLOGICARVM
1020 178 1060 218 A
1114 186 1243 229 1761.
1320 194 1407 233 353

155 298 285 338 1737,
358 290 495 331 Manet
532 289 661 342 igitur
697 288 791 328 haec
827 292 982 330 summa
1008 321 1018 339 ,
1054 292 1115 331 vti
1151 306 1311 347 quoque
1354 298 1411 336 in-

147 355 245 396 fima
285 365 418 395 manet
452 356 586 395 eadem
625 357 694 392 26>
720 366 771 403 41
795 386 805 404 ‚
836 368 967 408 quum
1004 356 1126 396 huius
1169 361 1259 396 anni
1313 361 1408 399 alti-

147 420 248 461 tudo
286 422 455 460 minima
489 423 628 460 ,ζ’-6,
654 424 705 466 85
748 420 879 474 maior
916 420 962 459 fit
1000 421 1071 461 hac
1109 422 1288 474 partibus
1315 435 1408 463 cen-

145 484 298 525 tefimis
331 483 520 536 44.s1ue
565 487 611 532 4}
664 482 791 522 lineis.
895 484 1009 526 Idem
1062 487 1191 537 igitur
1244 500 1409 541 quoque

143 549 317 602 spatium
354 547 588 591 variationis
622 550 906 589 barometricae
962 560 1171 603 permanet
1194 582 1204 602 ‚
1260 552 1411 594 scilicet

146 625 263 660 2.71
306 615 367 655 ieu
403 614 583 654 duorum
628 613 826 666 pollicum
885 617 924 659 ὅζ
981 615 1182 655 linearum
1209 646 1220 665 ‚
1271 630 1401 671 quum

140 679 316 732 spatium
378 678 651 718 variationum
712 678 1073 720 barometricarum
1128 679 1251 719 huius
1310 681 1404 722 anni

139 753 231 781 :2
278 755 346 782 10.
383 742 431 782 sit
466 743 601 782 minus
636 744 811 796 partibus
841 744 1064 783 centesimis
1099 747 1153 782 61
1180 742 1262 782 fiue
1288 748 1403 797 paul-

136 803 180 846 lo
213 807 303 860 plus
325 839 336 858 ‚
369 820 490 862 quam
529 817 554 854 7
592 806 718 845 lineis.
769 807 963 848 Ceterum
985 810 1160 846 summas
1178 816 1217 847 et
1239 808 1402 850 infimas

134 868 366 910 altitudines
399 870 617 911 baromctri
653 871 767 909 certis
802 871 894 909 anni
933 870 1130 912 mensibus
1172 885 1251 912 non
1303 886 1399 914 eue-

133 934 222 973 nire
272 945 323 975 ex
381 934 696 975 antecedentibus
755 934 1094 976 obseruationibus
1160 936 1242 976 iam
1308 939 1398 980 fiitis

132 999 295 1042 constat.

278 1093 400 1148 Quod
432 1093 460 1132 si
495 1093 740 1132 differentiae
777 1092 1000 1132 menstruae
1036 1104 1160 1144 porro
1217 1093 1396 1135 confide-2

130 1166 274 1198 rentur
313 1158 586 1196 variationum
619 1155 859 1203 [momen-i,
893 1164 932 1194 ct
970 1155 1047 1195 hoc
1081 1169 1187 1197 anno
1223 1158 1289 1198 lex
1325 1158 1396 1200 illa

128 1221 172 1261 in
214 1221 530 1261 antecedentibus
583 1219 747 1260 stabilita
802 1218 944 1268 valet,
996 1220 1215 1259 secundum
1268 1234 1393 1274 quam

126 1285 369 1325 differentiae
402 1294 443 1324 et
477 1282 718 1324 variationes
752 1282 898 1334 primis
931 1291 972 1322 et
1030 1282 1190 1322 vltimis
1242 1284 1393 1325 menfi-

119 1347 196 1390 bus
217 1379 228 1398 ,
262 1359 386 1400 quam
420 1346 560 1386 mediis
593 1345 683 1385 sunt
718 1345 904 1384 maiores.
999 1343 1237 1386 Differentia
1273 1359 1391 1388 men-

121 1410 172 1455 fis
206 1411 443 1453 Decembris
479 1410 615 1449 minor
649 1409 812 1460 quidem
850 1407 963 1459 solita
994 1410 1048 1449 est
1070 1441 1081 1460 ‚
1133 1410 1195 1452 sed
1243 1413 1388 1464 procul

121 1476 245 1516 dubio
277 1475 355 1515 hoc
390 1474 467 1513 crit
500 1472 759 1511 tribuendum
788 1471 1055 1524 frequentiori
1100 1475 1387 1528 tranquillitati

121 1540 226 1580 a'e'ris
249 1569 260 1588 ,
291 1548 330 1577 et
364 1537 496 1576 ventis
530 1535 684 1576 lenibus
716 1533 837 1574 huius
874 1534 1018 1575 mensis
1053 1546 1101 1576 vt
1133 1548 1183 1577 ex
1219 1539 1384 1593 sequen-

121 1605 226 1645 tibus
262 1601 422 1657 patebit.
485 1599 681 1642 Ceterum
713 1599 980 1640 differentiam
1016 1600 1243 1642 maximam
1266 1617 1382 1647 men-

119 1669 158 1712 se
193 1668 379 1709 Ianuario
400 1697 411 1717 ‚
460 1674 501 1705 et
533 1666 751 1706 minimam
783 1664 972 1716 Augusto
1013 1666 1182 1706 euenisse
1203 1698 1214 1717 ‚
1265 1683 1381 1711 com-

118 1732 276 1788 paratio
306 1743 429 1786 porro
461 1730 585 1784 docet.
686 1728 799 1771 Nam
835 1729 968 1769 mense
1000 1728 1193 1772 Ianuario
1244 1735 1379 1775 varia-

60 1811 63 1813 *
118 1798 180 1838 tio
230 1797 307 1838 fuit
362 1809 398 1837 1.
419 1805 477 1845 77
527 1804 568 1835 et
620 1795 806 1848 Augusto
837 1803 999 1834 tantum
1034 1800 1084 1842 {5³33
1117 1794 1200 1835 siue
1233 1798 1312 1838 fere
1347 1802 1378 1840 6

116 1860 331 1904 linearum.
399 1861 530 1902 Restat
564 1869 612 1901 vt
645 1872 761 1902 more
796 1859 928 1900 nostro
959 1858 1275 1902 circumstantias
1306 1864 1375 1905 ad-

115 1925 337 1977 iiciamus,
376 1924 443 1966 sub
475 1925 618 1979 quibus
650 1926 855 1966 maximae
888 1933 929 1963 et
964 1923 1160 1964 minimae
1190 1924 1375 1968 altitudi-

116 2002 183 2032 nes
215 1990 501 2032 barometricae
531 1988 652 2030 huius
686 1989 777 2031 anni
811 1988 902 2030 sunt
932 1993 1151 2032 adnotatae.

181 2097 393 2140 Tom.XI.
408 2096 697 2140 Nou.C0mm.
900 2094 944 2137 Y
965 2106 994 2147 y
1234 2087 1372 2132 Maxi-
