1856 2653
415 271 469 299 22
722 281 726 286 -
863 254 979 297 DE
1045 253 1211 300 VSV

406 382 502 412 cum
547 370 769 412 verltatum
820 373 1140 413 concatenat·-0ne
1193 369 1471 425 pulcherrime
1521 371 1663 413 cohaea

409 444 513 475 rent.
581 436 940 492 Quemadmodum
974 437 1084 476 enim
1118 437 1256 477 omnia
1292 436 1534 490 problemata
1561 440 1664 478 circa

408 499 630 541 fundtiones
682 513 820 540 Vticae
873 499 1071 540 variabilis
1101 533 1111 551 ‚
1175 501 1401 544 cuiusmodi
1452 500 1542 540 sunt
1589 501 1669 540 fere

410 565 554 603 omnia
576 596 587 614 ,
620 576 718 617 quae
753 563 882 604 adhuc
917 567 957 604 in
991 564 1158 615 Analyfi
1194 565 1284 604 sunt
1334 565 1497 604 tractata
1519 595 1529 614 ‚
1578 577 1668 616 per-

415 626 513 667 seete
551 640 630 667 non
665 626 879 666 soluuntur
900 657 910 676 ‚
946 627 1018 666 nisi
1053 627 1228 680 qualibet
1262 629 1525 680 integratione
1566 639 1672 668 noua

410 692 611 742 quantitas
645 691 821 730 constans
853 691 1046 730 inferatur
1067 721 1079 740 ,
1114 704 1237 744 quam
1276 693 1458 746 deinceps
1496 704 1546 731 ex
1589 693 1670 731 cir-

408 754 656 794 cumstantiis
688 754 944 807 problematis
977 756 1235 795 determinari
1254 766 1441 807 oportet:
1476 757 1531 795 ita
1549 755 1672 795 etYam

409 818 548 858 omnia
600 818 845 871 problssmata
876 850 887 869 ,
935 831 1116 871 quorum
1164 818 1311 858 solutio
1359 822 1406 860 ad
1454 819 1672 859 functiones

409 881 598 922 binarum
633 881 895 922 variabilium
930 883 1162 934 perducitur
1184 913 1195 932 ‚
1229 891 1368 923 natura
1403 884 1467 924 sua
1502 884 1557 923 ita
1582 883 1673 922 sunt

415 954 664 999 comparata,
699 955 760 997 vt,
795 945 865 985 nisi
894 948 1035 999 quauis
1079 947 1345 997 integratione
1377 960 1482 987 noua
1524 946 1677 987 funetio

415 1009 646 1058 arbitrar'a,
669 1010 730 1050 seu
767 1008 970 1050 indefinita
1004 1010 1125 1051 vnius
1160 1009 1374 1060 variabilis,
1403 1012 1673 1058 induceretur,

414 1075 601 1114 omnibus
635 1067 925 1114 conditionibus
957 1075 1163 1128 problema
1197 1074 1550 1114 determinantibus
1582 1072 1675 1112 nul-

413 1135 457 1176 lo
493 1138 617 1177 modo
649 1137 827 1178 satisfieri
864 1137 997 1190 posset.
1069 1138 1292 1178 Eximium
1325 1136 1446 1176 huius
1491 1138 1547 1176 rei
1592 1138 1677 1190 spe-

412 1199 548 1239 cimen
581 1199 762 1237 cernitur
797 1200 838 1236 in
874 1201 1122 1249 problemate
1153 1201 1200 1237 de
1234 1202 1365 1238 cordis
1403 1200 1679 1248 vibrantibu83

415 1261 447 1303 fi
481 1263 592 1301 enim
623 1263 816 1312 cuiusque
849 1261 989 1299 cordae
1023 1260 1161 1311 punffl
1187 1290 1197 1308 ,
1232 1263 1340 1311 quod
1374 1261 1420 1299 ab
1451 1259 1578 1302 altero
1597 1272 1681 1302 ter—

420 1325 538 1369 m'no
577 1324 691 1363 distat
724 1321 940 1362 interuallo
974 1333 1065 1360 :x
1086 1352 1096 1371 ‚
1134 1332 1210 1373 pro
1244 1330 1429 1374 tempore
1463 1322 1593 1376 elapso
1613 1332 1681 1375 :t,

419 1385 626 1439 elongatio
643 1387 690 1427 ab
721 1398 811 1438 axe,
830 1386 893 1425 seu
930 1385 1028 1425 statu
1065 1383 1313 1436 aequilibrii‚
1351 1394 1523 1437 ponatur
1562 1398 1679 1439 τε,

417 1452 582 1491 euidens
613 1451 696 1502 est,
726 1462 751 1489 z
782 1449 857 1489 effe
890 1448 1141 1488 functionem
1169 1447 1342 1487 duarum
1378 1448 1631 1489 variabilium
1665 1457 1683 1490 t

421 1526 462 1556 et
496 1526 522 1555 x
543 1546 553 1566 ‚
588 1513 782 1568 quoniam
816 1512 957 1564 vtique
991 1511 1058 1551 ista
1100 1510 1303 1561 elongatio
1326 1542 1337 1561 ,
1372 1520 1455 1552 tam
1494 1526 1570 1567 pro
1618 1513 1680 1553 di—

423 1578 549 1620 versis
582 1577 722 1618 cordae
764 1575 922 1628 puntstis
943 1606 954 1626 ,
988 1585 1113 1627 quam
1167 1585 1242 1626 pro
1295 1576 1491 1626 temporis
1542 1577 1682 1628 fluxu,

424 1642 616 1682 variatur.
671 1638 781 1680 Cum
817 1639 944 1689 igitur
973 1636 1105 1690 posito
1131 1646 1319 1690 tempore
1343 1643 1458 1677 tzo
1489 1639 1520 1678 is
1545 1640 1685 1681 cordae

427 1707 546 1747 status
574 1703 735 1758 prodire
768 1702 916 1753 debeat,
937 1703 1007 1754 qui
1041 1700 1114 1753 ipsi
1136 1701 1256 1741 initio
1289 1702 1686 1754 fueritinduffl1s,et

426 1769 494 1809 vbi
529 1767 732 1818 elongatio
764 1778 789 1805 z
823 1765 1020 1806 fund'tioni
1058 1765 1220 1804 cuidam
1263 1765 1375 1806 datae
1414 1766 1622 1807 interualli
1655 1779 1684 1808 x

426 1840 512 1873 erat
545 1829 717 1884 aequalis
737 1861 748 1880 ,
781 1829 931 1870 solutio
966 1827 1133 1882 perfed³ta
1166 1827 1239 1868 effe
1272 1829 1427 1882 nequit,
1446 1829 1519 1869 nisi
1539 1831 1684 1870 huius-

431 1895 542 1937 modi
593 1894 844 1935 functionem
895 1891 1150 1933 indefinitam
1200 1892 1494 1945 compledtatur
1523 1924 1534 1944 ,
1584 1907 1684 1947 quae

429 1960 610 2011 deinceps
644 1969 695 1996 ex
728 1958 828 1997 statu
861 1956 1000 1997 cordae
1041 1954 1187 1995 init-ali
1237 1956 1398 1996 definiri
1450 1965 1595 2009 queat3
1645 1968 1685 1997 et

431 2023 624 2077 quoniam
660 2021 726 2061 iste
759 2021 877 2061 status
911 2019 956 2059 ab
988 2019 1150 2059 arbitrio
1182 2020 1314 2081 nostro
1348 2021 1403 2061 ita
1437 2021 1602 2072 pendet,
1638 2032 1687 2062 vt

434 2087 577 2128 cordae
619 2083 751 2135 figura
801 2094 1059 2136 quaecunque
1091 2081 1323 2134 irregularis
1362 2092 1402 2123 et
1439 2084 1685 2125 discontinua

435 2150 569 2191 induci
603 2147 782 2202 potuerit
802 2178 812 2197 ‚
843 2147 967 2186 ctiam
1001 2146 1155 2186 functio
1187 2145 1258 2186 illa
1293 2159 1362 2201 per
1395 2146 1592 2199 Analysm
1619 2149 1684 2188 in-

436 2212 620 2256 troduci&
652 2213 708 2256 ita
740 2209 818 2252 late
851 2218 984 2266 patere
1015 2209 1128 2251 debet
1148 2239 1160 2262 ‚
1193 2218 1241 2251 vt
1272 2213 1396 2254 etiam
1421 2211 1686 2262 discontinua‚

1620 2274 1685 2315 seu
