1856 2653
318 185 958 234 METEOROLOGICARVM
993 190 1044 233 A.
1086 198 1220 242 1761.
1316 206 1405 248 359

303 304 461 346 Nebula
494 306 530 346 d.
572 315 641 344 10.
673 317 707 345 a.
744 319 803 347 m.

297 391 490 433 Altitudo
521 403 642 446 aquae
677 403 700 441 3
736 393 804 434 lin.
841 400 1015 434 tantum.

299 479 468 534 Aprilis.
535 481 659 521 Venti
694 480 770 523 hoc
802 481 932 521 mense
952 512 964 532 ,
1018 486 1068 523 vt
1101 482 1233 536 solet,
1266 484 1409 527 admo-

152 543 251 584 dum
287 544 493 586 variabiles
525 546 721 598 fuerunt‚
769 557 909 588 omnes
952 554 1086 588 tamen
1141 550 1219 589 fere
1268 548 1374 589 lenes
1404 580 1415 599 ‚

151 615 312 649 tantum
361 611 398 652 d.
451 614 491 650 6.
534 611 675 660 noste,
715 620 754 651 et
791 611 828 652 d.
868 619 938 658 17.
985 625 1027 667 p.
1062 624 1117 652 m.
1154 612 1257 662 W3
1291 621 1332 652 et
1367 625 1410 663 4.

149 672 283 714 breuis
315 674 535 715 durationis
569 676 690 717 fuere.

303 762 404 804 Dies
435 764 557 805 sereni
591 764 700 806 vltra
735 765 911 806 mensem
960 758 1180 804 dimidium
1203 795 1216 815 ‚
1263 757 1410 806 scilicet

156 835 225 874 19.
260 827 297 868 d.
334 841 373 870 2.
412 840 450 876 3.
488 839 529 876 7.
573 841 640 869 10.
679 841 749 867 12.
790 839 861 875 13.
904 840 973 876 14.
1016 837 1087 875 15.
1127 831 1196 867 16.
1237 834 1410 877 18.19.

149 898 220 929 20.
265 903 338 940 24.
390 899 463 940 25.
506 892 578 931 26.
634 901 705 941 27.
760 895 835 933 28.
890 900 964 942 29.
1020 903 1094 941 30.
1146 893 1272 934 iidem
1322 891 1411 933 satis

147 955 334 996 amoeni.-

295 1036 460 1084 Grando
490 1043 634 1086 cecidit
664 1043 701 1085 d.
738 1053 807 1092 17.
851 1048 922 1086 1'8.

292 1122 484 1166 Altitudo
514 1130 636 1178 aquae
674 1134 695 1161 1
732 1120 833 1176 poll.
866 1129 912 1165 6.
944 1123 1018 1163 lin-⁰

295 1207 455 1250 Nebula
485 1209 523 1250 d.
562 1220 635 1257 23.
671 1218 707 1246 a.
747 1218 807 1247 m.

292 1288 442 1330 Maius.
508 1287 634 1329 Venti
666 1297 705 1328 et
739 1286 818 1328 hoc
852 1285 985 1328 mense
1018 1289 1129 1330 fuere
1179 1291 1283 1332 lenes
1307 1320 1325 1345 ‚›
1369 1304 1410 1336 et

140 1351 369 1404 stequenter
410 1359 556 1392 ventus
590 1350 736 1401 sstuit‘,
770 1354 934 1391 tantum
967 1350 1067 1400 W3
1105 1363 1147 1394 et-
1178 1367 1220 1404 4.
1256 1357 1294 1397 d.
1335 1368 1405 1407 ις.

138 1412 334 1456 Ceterum
368 1423 514 1455 ventus
547 1414 587 1454 O
622 1413 882 1468 potiffimum·
910 1414 1088 1467 spirauit.

291 1501 436 1542 Pluuia
490 1499 632 1539 cecidit
677 1495 793 1540 noete
825 1499 926 1538 inter
966 1504 987 1539 8
1025 1509 1065 1540 et
1099 1513 1139 1550 9.
1173 1517 1262 1544 :1
1304 1508 1403 1561 poll,

138 1565 176 1606 d.
214 1577 284 1606 12.
317 1568 363 1614 7}
397 1564 467 1605 lin.
504 1575 629 1618 porro
661 1565 701 1605 d.
736 1576 794 1612 30
844 1572 885 1602 et
938 1575 1011 1612 31.
1065 1566 1179 1606 cuius
1230 1569 1403 1613 altitudo

139 1634 248 1670 :8.
283 1628 355 1669 lin.
392 1628 506 1680 Ergo
548 1627 709 1681 pluuiae
765 1626 940 1668 altitudo
994 1629 1118 1669 totius
1176 1634 1321 1674 menfis
1373 1648 1397 1675 2

140 1691 241 1746 poll.
279 1696 324 1742 3}
358 1690 428 1732 lin.
480 1691 676 1734 Ceterum
710 1692 794 1732 dies>
825 1691 1008 1745 plerique
1040 1694 1164 1734 sereni
1199 1697 1276 1739 scil.
1324 1711 1377 1739 21

139 1758 387 1798 nominatim
435 1769 471 1798 1.
513 1769 548 1795 2.
590 1768 631 1805 3.
668 1768 711 1805 4.
752 1765 789 1804 5.
828 1759 871 1798 6,
909 1763 951 1804 7.
988 1766 1058 1796 10.
1101 1770 1172 1807 13·
1211 1771 1282 1810 15.
1325 1773 1394 1816 17,

141 1825 210 1862 18.
246 1832 315 1871 19.
355 1833 425 1860 20.
465 1833 535 1860 21.
575 1831 646 1861 22.
683 1832 755 1868 23..
794 1833 867 1869 24.
903 1830 976 1868 25.
1013 1825 1087 1861 26.
1126 1832 1201 1873 27.

279 1900 436 1942 Iunius.
476 1901 623 1942 ‘Venti
659 1912 800 1942 omncs
834 1898 951 1940 nullo
984 1912 1154 1958 excepto
1180 1903 1258 1946 hoc
1279 1919 1394 1948 men-

129 1964 168 2004 se
201 1965 310 2005 suere
341 1964 447 2004 lenes
479 1966 681 2017 graduum
721 1979 736 2003 1
779 1974 821 2005 et
859 1978 897 2004 2.
931 1965 1082 2018 saepius
1116 1981 1278 2024 quoque
1314 1984 1389 2011 00.

131 2027 256 2070 Venti
288 2029 328 2072 Ο
357 2038 399 2069 et
432 2029 493 2082 W
524 2029 778 2084 potiffimum
814 2030 1028 2082 spirarunt.

1291 2106 1389 2151 Dies
