1856 2653
487 239 583 286 πε
685 227 1554 276 OBSERVATIONVM

949 340 1282 401 October.

622 453 725 496 Dies
758 452 883 494 sereni
916 452 1167 508 decrescunt3
1199 456 1266 497 sex
1309 453 1419 495 enim
1453 460 1614 494 tantum
1665 453 1753 496 dies

484 520 692 561 numerari
728 517 888 572 possunt
919 519 1069 573 sereni,
1100 530 1148 562 vt
1181 531 1223 570 7.
1263 533 1334 561 11.
1375 530 1446 569 14.
1485 527 1555 567 15.
1578 529 1648 558 20.
1674 531 1750 563 21.

624 598 831 640 Fortiores
880 599 992 640 venti
1044 612 1086 651 4.
1119 603 1159 644 d.
1198 604 1270 640 16.
1303 598 1386 648 53.
1417 597 1456 639 d.
1494 607 1565 648 17.
1597 594 1747 643 SWa

485 669 527 702 et
560 675 601 713 4.
639 663 676 703 d.
714 677 784 705 22.
820 663 920 705 Wa
955 673 996 705 et
1032 677 1071 715 3.
1103 666 1140 708 d.
1176 678 1251 716 24.
1284 664 1384 713 W3
1420 660 1462 704 e't
1495 675 1536 712 4.
1570 660 1645 703 W.
1673 671 1750 712 po-

487 727 689 768 tissimum
723 730 923 784 spir-anit,
952 728 1102 771 (cilicet
1136 743 1208 785 per
1239 731 1321 772 dies
1359 741 1430 769 21.
1464 736 1511 767 vt
1551 739 1590 766 1.
1628 738 1666 766 2.
1703 726 1749 764 6.
1810 727 1818 731 ”

488 799 531 841 7.
571 797 609 833 8.
645 804 686 841 9.
722 805 791 833 ιο.
828 806 898 835 11.
938 804 1005 844 17.
1047 799 1119 838 18.
1159 807 1232 847 19.
1268 807 1338 836 21.
1380 806 1454 834 22.
1483 803 1555 842 23.
1581 796 1752 840 2425.

489 859 562 896 26.
600 866 675 906 27.
711 862 783 899 28.
821 869 894 906 29.
932 869 1006 905 30.

550 939 552 941 ’
635 934 833 977 Altitudo
862 949 986 991 aquae
1018 937 1185 993 pluuiae
1224 935 1300 980 μ’.
1322 938 1420 979 1²²².

633 1016 754 1071 Aqua
810 1015 952 1058 Neuae
1003 1017 1127 1059 altior
1177 1020 1217 1061 d.
1261 1032 1336 1069 24.
1378 1022 1450 1058 28.
1494 1029 1568 1067 29.
1606 1017 1664 1057 ita
1703 1020 1757 1056 vt

483 1081 582 1122 duas
622 1091 667 1122 et.
697 1091 778 1124 tres
810 1081 848 1121 d.
886 1095 959 1130 29.
988 1081 1103 1123 vlnas
1135 1083 1294 1125 rufficas
1328 1077 1601 1134 (Arschinen)
1632 1079 1751 1132 snpra

485 1143 747 1188 altitudinem
777 1145 1028 1186 ordinariam
1064 1147 1189 1186 fuerit
1225 1144 1441 1187 obseruata.
1507 1144 1581 1187 Est
1609 1152 1752 1185 autem

487 1207 587 1254 haec
618 1207 719 1250 vlna
750 1213 873 1251 :28
911 1207 1012 1264 poll.
1046 1207 1157 1250 lond.

643 1276 913 1321 Grandinauit
949 1281 985 1321 d.
1035 1285 1102 1321 16.
1147 1290 1190 1323 et
1230 1280 1379 1334 glacies
1411 1282 1494 1324 iam
1524 1281 1565 1324 d.
1602 1287 1676 1329 ις.
1706 1278 1752 1320 in

487 1340 661 1384 flumine
710 1352 846 1383 natare
886 1344 1058 1396 coepit,
1103 1347 1295 1398 quamuis
1325 1347 1496 1388 demum
1530 1345 1644 1388 Nov.
1682 1354 1751 1394 19.

486 1404 614 1462 glacie
646 1406 791 1450 coierit
819 1405 938 1447 Neua
968 1406 1138 1448 flumen.

642 1479 741 1523 Lux
769 1477 941 1521 borealis
970 1476 1130 1532 placida
1157 1478 1197 1520 d.
1230 1482 1273 1521 8.
1303 1489 1348 1521 et
1378 1479 1544 1534 vestigia
1573 1479 1616 1522 d.
1648 1489 1691 1528 a.

911 1586 1346 1647 Nouember.

627 1684 819 1743 Quatuor
849 1689 1014 1726 tantum
1042 1685 1130 1727 dies
1158 1687 1270 1728 fuere
1297 1683 1379 1727 hoc
1410 1684 1546 1728 mense
1600 1682 1725 1727 streni·
1744 1711 1763 1736 „

491 1751 528 1794 d·
569 1762 610 1801 3.
647 1762 721 1790 11.
757 1759 829 1799 27.
864 1762 941 1800 29..

640 1820 768 1862 Venti
816 1819 1077 1863 vehementes
1121 1831 1238 1863 erant
1281 1831 1325 1873 7.
1353 1821 1394 1863 d.
1426 1825 1469 1862 6.
1502 1821 1617 1863 noae
1650 1819 1754 1862 W2

493 1893 534 1928 et
570 1897 611 1936 a.
644 1885 683 1927 d.
721 1895 766 1936 7.
800 1885 915 1927 noete
948 1886 1049 1928 W2
1083 1895 1124 1928 et
1161 1897 1201 1935 3.
1234 1887 1272 1928 d.
1304 1899 1333 1938 9
1363 1895 1405 1926 et
1444 1900 1513 1929 10.
1565 1885 1665 1935 W3
1715 1891 1760 1925 et

492 1963 551 2004 4,
579 1961 679 1991 cum
711 1961 812 2005 aqua
846 1949 1029 1993 fluminis
1060 1951 1239 2003 altiore,
1273 1961 1321 1993 vt
1354 1952 1487 1993 mense
1521 1950 1756 2005 praeceden-

493 2015 539 2058 tii
570 2015 611 2060 d.
648 2027 721 2057 ιι.
752 2014 852 2056 W2
888 2025 929 2056 et
965 2027 1005 2065 3.
1036 2016 1075 2058 d.
1112 2028 1186 2058 2ο.
1219 2016 1320 2057 W2
1351 2026 1394 2058 et
1427 2016 1526 2066 3.d.
1559 2014 1752 2057 26.W2

492 2087 537 2123 et
569 2091 613 2133 a.
645 2079 709 2124 W
739 2078 859 2123 flauit
888 2089 932 2122 et
975 2079 1058 2124 hoc
1106 2080 1241 2134 mense
1286 2079 1525 2138 plurimum
1544 2111 1561 2134 ,‚
1606 2089 1759 2132 nempe

1683 2153 1755 2199 pet
