1856 2653
463 212 554 261 346·
652 199 1518 250 OBSERVATIONES

610 322 787 364 Minima
821 330 954 361 notata
986 320 1039 361 est
1072 320 1108 360 d.
1136 328 1206 369 27.
1235 319 1278 360 h.
1307 326 1340 362 8,
1364 331 1397 359 a.
1421 330 1477 358 m.
1498 320 1614 359 226.
1640 320 1710 358 80.

460 388 576 440 Ergo
609 385 830 428 differentia
865 389 992 432 :5³35-

612 478 759 526 Frigus
802 477 1038 515 maximum
1074 481 1162 524 238
1199 483 1239 514 et
1277 478 1363 513 260
1399 481 1439 512 et
1475 472 1606 513 maius
1637 472 1714 512 fuit

459 544 496 583 d.
555 554 625 581 20.
671 549 711 580 et
747 539 786 580 h.
826 553 863 589 3.
899 554 938 593 p.
976 553 1031 580 m.
1065 550 1105 580 et
1143 541 1180 580 d.
1218 552 1291 579 21.
1356 538 1466 579 Nam
1490 547 1716 577 mercurius

459 607 594 648 omnis
625 606 666 644 iu
700 604 823 645 bulbo
857 604 1145 645 thermometri
1179 614 1265 644 erat
1298 604 1335 643 d.
1377 616 1446 641 20.
1483 601 1528 641 ab
1560 600 1600 642 h.
1642 613 1713 640 11.

459 683 500 724 p.
535 682 590 709 m.
625 681 748 722 Vsque
782 670 829 709 ad
864 671 1079 710 meridiem
1113 669 1189 709 diei
1230 680 1300 707 αι.
1369 667 1516 716 Frigus
1561 674 1717 707 antece-

459 735 553 775 dens
593 733 631 772 d.
667 746 739 772 20.
772 746 887 773 mane
920 734 961 774 h.
997 747 1040 784 9.
1071 744 1224 780 :1231
1265 741 1306 771 et
1341 729 1382 770 h.
1422 743 1460 779 3.
1495 731 1530 771 d.
1571 741 1640 771 21.
1679 742 1714 781 p.

462 810 520 838 m.
562 802 662 844 138.
695 796 737 836 h.
766 809 814 852 ¹3.
847 810 888 848 p.
923 810 976 835 m.
1019 806 1122 838 208.
1194 794 1266 838 Alt
1313 795 1394 834 bar.
1427 804 1511 834 erat
1551 794 1609 834 die
1658 805 1715 833 20

462 873 579 902 mane
599 860 638 899 h.
663 873 703 908 9.
730 869 851 907 :27.
872 870 945 909 47.
978 869 1019 898 et
1051 861 1088 900 d.
1125 871 1194 899 21.
1231 859 1272 897 h.
1309 864 1347 897 8.
1382 872 1415 898 21.
1451 871 1507 899 m.
1548 870 1619 908 27.
1641 867 1716 907 70.

461 923 640 965 Coelum
682 925 863 963 serenum
916 936 1012 964 cum
1067 923 1178 962 tenui
1228 922 1368 962 nebula
1420 932 1594 975 Vtroque
1641 921 1716 960 die.

461 987 703 1038 Iufiguiores
742 999 867 1040 porro
905 987 1066 1039 frigoris
1107 986 1250 1037 gradus
1292 987 1401 1025 fuere
1433 986 1468 1025 d.
1510 998 1565 1033 19
1603 994 1721 1024 mane

460 1062 613 1099 ’.ἵ-203
650 1061 690 1091 et
726 1051 768 1091 h.
804 1063 872 1094 11,
910 1065 949 1104 p.
985 1064 1043 1090 m.
1082 1063 1185 1089 211.
1217 1051 1254 1089 d.
1292 1062 1364 1089 21.
1399 1050 1514 1089 noste
1553 1060 1660 1096 204.

609 1150 843 1191 Minimum
890 1146 1017 1199 frigus
1049 1157 1221 1197 3157.
1257 1149 1294 1188 d.
1335 1157 1407 1196 27.
1442 1146 1482 1186 h.
1524 1153 1560 1188 8.
1593 1162 1626 1189 a.
1663 1160 1723 1188 m.

463 1222 589 1256 antec.
623 1219 774 1262 :163.
809 1213 968 1266 sequens
1007 1216 1105 1250 161.
1177 1211 1371 1253 Altitudo
1405 1213 1484 1252 bar.
1517 1217 1634 1254 2:26.
1664 1218 1720 1255 80

462 1278 692 1319 antecedens
729 1282 799 1317 26.
822 1287 893 1325 90.
928 1286 968 1316 et
1002 1276 1161 1329 sequeus
1196 1288 1354 1330 quoque
1394 1280 1463 1316 26.
1485 1290 1560 1326 90.

613 1362 719 1404 Halo
767 1363 871 1402 circa
922 1362 1060 1403 lunam
1111 1363 1147 1402 d.
1205 1370 1274 1409 25.
1326 1362 1370 1401 ab
1423 1361 1462 1401 h.
1501 1373 1528 1409 7
1561 1364 1607 1402 ad
1648 1358 1744 1403 12(

465 1427 579 1469 coelo
628 1429 707 1467 fere
751 1427 885 1467 sereno
907 1456 918 1475 ‚
969 1425 1143 1465 altitudo
1173 1426 1253 1464 bar.
1290 1429 1362 1464 26.
1382 1435 1458 1473 95.
1490 1428 1732 1477 antecedens

467 1496 538 1532 26.
563 1504 638 1541 90.
672 1491 830 1544 sequens
870 1499 943 1538 27.
982 1500 1054 1529 xo,

613 1571 729 1613 Inter
777 1580 919 1611 omnes
969 1568 1096 1609 totius
1151 1567 1273 1607 huius
1306 1567 1398 1608 anni
1433 1568 1725 1610 obseruationes
1780 1582 1782 1584 ’

468 1636 602 1677 maior
656 1635 835 1676 altitudo
890 1633 1154 1673 barometrica
1212 1645 1291 1672 non
1351 1635 1528 1673 occurrit
1596 1646 1722 1687 quam

473 1707 544 1741 28.
571 1705 639 1741 28.
673 1708 714 1739 et
746 1699 858 1739 nulla
891 1697 1029 1737 minor
1050 1728 1063 1749 ,
1101 1708 1225 1749 quam
1265 1700 1332 1736 26.
1372 1707 1442 1745 55.
1476 1697 1554 1738 Illa
1589 1699 1724 1738 maxi-

470 1777 538 1806 ma
569 1764 765 1803 Tiumeni
803 1764 914 1803 Febr.
951 1774 1024 1810 23.
1107 1761 1214 1801 Haec
1246 1761 1419 1804 minima
1464 1761 1722 1802 Wcrchotu-

471 1828 556 1868 riae
585 1827 829 1882 Septembris
864 1820 922 1866 2⁴5⁰
951 1827 1006 1868 est
1038 1835 1173 1867 notata
1195 1856 1207 1877 ,
1247 1826 1309 1866 vti
1342 1838 1393 1866 ex
1425 1827 1723 1881 comparatione

471 1900 594 1947 patet.

619 1976 734 2019 Nam
799 1976 997 2018 Tiumeni
1066 1975 1200 2017 mense
1253 1976 1366 2019 Febr.
1411 1976 1723 2019 erat-Maxim,-

473 2048 611 2085 ’.τ-28.
634 2048 702 2085 28.
741 2042 911 2086 Minim.
948 2050 1019 2090 27.
1043 2053 1114 2090 24,

1584 2103 1720 2163 Menfa
