1856 2653
540 206 962 264 „5233)0(}2032-
1309 227 1366 264 41

281 314 1213 388 ASTRONOMICA·

716 465 755 523 Ι.

121 568 413 649 Expofitio
443 568 891 628 obseruationum
914 569 1202 630 occasione
1226 580 1370 629 tran—

115 651 249 711 situs
301 655 539 712 Veneris
596 673 699 733 per
741 653 956 711 discum
998 657 1134 713 Solis
1181 658 1235 713 in
1279 675 1370 713 vr*

298 739 367 798 be
409 737 739 817 Selenginsk
783 735 1183 799 institutarum.

209 885 384 946 Αυξὶ.
430 886 627 967 Steph.
671 887 990 947 Rumovski
1036 908 1091 969 p.
1139 906 1283 971 443».

280 1049 469 1090 iss‘ertatio
502 1051 570 1091 ista
592 1081 602 1101 ,
645 1061 766 1103 aeque
800 1063 842 1091 ac
874 1051 1035 1104 sequens
1068 1050 1151 1103 post
1187 1049 1368 1091 reditum

308 1115 480 1154 austoris
513 1126 563 1154 cx
598 1113 739 1155 Sibiria
763 1145 774 1164 ‚
819 1126 900 1167 quo
933 1114 1135 1165 ablegatus
1164 1115 1291 1154 fuerat
1321 1114 1369 1154 ad

309 1177 509 1215 Venerem
546 1178 587 1213 in
617 1177 709 1215 Sole
760 1177 1075 1223 obseruandum,
1125 1178 1235 1228 typis
1286 1176 1368 1216 iam

118 1239 278 1278 excusae
313 1239 421 1285 sunt;
458 1236 596 1275 locum
631 1246 764 1273 tamen
800 1238 846 1273 iis
867 1237 1081 1275 Academia
1101 1236 1369 1278 scienti-arum

115 1300 158 1340 in
218 1296 533 1340 Commentariis
592 1296 885 1338 concedendum
943 1298 1016 1337 effe
1075 1299 1161 1339 ideo
1220 1301 1370 1352 duxit,

112 1362 222 1416 quod
265 1371 458 1401 numerus
492 1359 800 1415 exemplarium
845 1371 942 1402 tunc
971 1362 1218 1404 excusorum
1249 1364 1373 1408 fuerit

110 1428 297 1479 exiguus

261 1508 502 1565 Praecipuus
538 1509 660 1562 finis,
706 1522 827 1564 quem
872 1507 937 1552 Cl.
980 1511 1141 1555 Αυᾶοι·
1190 1508 1369 1557 differta-

113 1570 222 1617 tione
256 1574 328 1615 hac
361 1575 561 1624 intendit,
597 1575 630 1613 is
663 1575 733 1625 est,
767 1585 814 1616 vt
847 1575 896 1615 ob
928 1575 1066 1616 oculos
1100 1589 1221 1631 ponat
1235 1580 1369 1619 *obier-

117 1639 297 1693 rationes
319 1670 330 1690 ‚
363 1651 459 1693 quas
488 1636 557 1677 ille
592 1637 664 1677 hac
698 1639 897 1681 occasione
931 1639 972 1678 in
1003 1639 1098 1680 vrbe
1131 1641 1367 1694 Selenginsk

116 1703 315 1744 instituit:
368 1704 407 1743 id
462 1702 570 1741 circo
618 1701 789 1742 sollicite
830 1703 1079 1756 persequitur
1112 1718 1252 1746 omnes
1285 1708 1367 1750 cir-

117 1766 370 1808 cumstantias
391 1797 401 1817 ,
434 1765 501 1806 sub
532 1765 676 1819 quibus
708 1766 800 1808 illae
835 1766 1013 1820 peraeta'e
1047 1769 1148 1809 sunt.
1225 1770 1368 1812 Obser-

116 1830 345 1871 vationibus
367 1860 378 1880 ‚
427 1842 502 1883 pro
549 1828 770 1870 definienda
822 1830 1057 1871 Latitudine
1083 1824 1370 1876 'obseruatorii

113 1891 172 1935 sui
226 1890 413 1934 institutis
442 1924 453 1943 ,
508 1894 739 1944 praemittit
773 1894 1092 1935 verificationem
1143 1900 1371 1950 quadrantis

115 1958 163 1998 ad
199 1956 453 1998 horizontem
477 1989 488 2009 ‚
538 1966 578 1996 et
612 1969 687 2010 pro
734 1958 1038 1999 determinando
1087 1959 1223 2000 valore
1274 1977 1369 2016 par—

119 2022 226 2061 tium
262 2020 516 2062 micrometri
548 2021 758 2073 quadranti
792 2022 1231 2071 affi,xi‚obseruationes
1255 2025 1372 2079 supet

146 2127 148 2130 .
178 2082 681 2128 Tom.X1.Nou.Comm.
914 2083 933 2124 f
1211 2089 1366 2130 diame-
