1856 2653
472 202 562 248 ωε
778 190 1400 236 ADMIRANDO

469 308 621 349 tionem
657 305 794 347 infudi.
876 303 1032 345 Niuem
1067 303 1205 356 glaciei
1239 305 1421 346 contusae
1453 302 1526 344 effe
1566 304 1718 359 praese.-

465 372 629 413 rendam
652 401 664 422 ‚
715 370 781 411 vel
813 382 863 408 ex
896 381 944 407 eo
976 368 1162 409 concludi
1215 369 1320 422 posse
1368 370 1561 422 videtur,
1611 367 1719 421 quod

469 439 544 476 nix
577 435 627 475 ob
661 445 864 474 texturam
899 431 1009 471 suam
1043 444 1174 472 raram
1208 435 1256 474 ad
1296 433 1538 473 solut'ouem
1586 434 1720 484 aptior

474 499 795 550 depreiiendatur
851 495 1285 549 adcommodatiorque.
1382 496 1540 538 Deinde
1581 494 1722 537 effusio

465 560 638 615 spiritus
670 573 691 599 a
723 559 988 601 Fahrenlyeitio
1021 568 1061 598 et
1093 560 1183 599 aliis
1215 572 1310 599 eum
1339 560 1511 601 imitatis
1549 558 1724 600 adhibita

462 624 565 679 plus
597 622 719 664 ob-„ffe
742 655 752 674 ‚
787 635 909 677 quain
943 620 1114 675 prodesse
1150 623 1328 663 videtur.
1420 624 1542 679 Quod
1575 623 1605 664 fi
1656 624 1727 666 obr-

464 687 619 730 seruata
653 698 693 727 et
726 687 961 728 obseruanda
995 686 1247 727 diuersorum
1281 689 1323 727 in
1372 690 1576 741 posterum
1624 698 1724 728 corv-

465 752 649 793 serentur
669 782 681 801 ‚
713 752 881 791 dubium
915 749 988 788 esse
1021 763 1100 790 nou
1135 752 1255 804 potest
1277 780 1288 801 ‚
1339 754 1438 804 quin
1469 749 1628 803 egregia
1657 749 1723 790 in-

468 824 671 857 crementa
706 814 798 856 haec
830 815 878 853 de
913 813 1119 854 Mercurio
1152 815 1300 865 frigore
1341 814 1502 855 fixando
1539 813 1723 855 doctrina

466 880 519 921 sit
570 889 734 932 captura
761 908 772 928 ‚
824 876 987 928 aliisque
1039 877 1213 916 inuentis
1246 878 1378 918 ansam
1411 878 1724 930 suppeditatum.

468 942 596 984 Porro
628 953 680 982 ex
712 942 828 982 distis
862 941 951 980 satis
984 951 1144 993 quoque
1179 949 1288 994 patet
1309 971 1320 991 ‚
1356 941 1614 982 Mercurium
1641 949 1724 978 non

470 1014 555 1046 tam
591 1005 682 1046 loco
716 1015 965 1056 numeroque
1012 1002 1431 1045 Semi-metallorum
1454 1035 1466 1055 ‚
1499 1003 1563 1044 sed
1595 1002 1725 1055 perfie-

471 1069 637 1109 ‹storum
670 1067 743 1107 effe
776 1067 1024 1115 habendum,
1058 1068 1165 1120 quod
1199 1080 1299 1108 vero
1331 1069 1510 1118 minimo
1529 1066 1723 1107 omnium

471 1131 743 1174 Metallorum
776 1131 901 1181 gradu
936 1129 1079 1167 caloris
1112 1129 1223 1168 fluat.
1290 1129 1401 1168 Nam
1434 1131 1514 1169 fusa
1557 1126 1725 1169 Metalla

472 1207 571 1239 cum
608 1193 815 1234 Mercurio
850 1192 949 1231 viuo
981 1194 1046 1230 ieu
1102 1191 1187 1232 fuso
1235 1193 1482 1232 conueniunt
1531 1201 1692 1245 quoque
1713 1217 1752 1240 ‚.

472 1257 582 1311 quod
618 1265 746 1308 partes
774 1267 919 1295 eorum
952 1263 1101 1294 mutuo
1129 1254 1166 1293 se
1209 1254 1369 1295 trahant
1389 1285 1403 1306 ‚
1449 1256 1490 1296 in
1542 1253 1728 1307 globulos

470 1322 511 1362 se
544 1317 769 1369 colligant,
820 1319 918 1357 item
954 1328 1005 1355 ex
1037 1317 1134 1355 statu
1169 1316 1407 1369 fluiditatis‚
1455 1330 1535 1358 non
1569 1319 1610 1357 in
1661 1318 1729 1356 in-

471 1383 589 1426 stanti
612 1411 624 1431 ,
657 1382 719 1422 sed
747 1379 952 1422 succeffiue
986 1380 1027 1418 in
1062 1380 1208 1418 statum
1243 1379 1449 1420 soliditatis
1490 1378 1686 1420 transeant
1715 1408 1728 1427 ,

474 1456 517 1488 et
548 1447 634 1486 vice
666 1446 787 1485 versa.
881 1441 1032 1496 Quaeri
1067 1442 1189 1493 potest
1211 1471 1225 1490 ‚
1272 1456 1320 1481 an
1355 1456 1434 1483 non
1470 1442 1546 1483 hoc
1578 1443 1728 1484 Metal-

475 1509 567 1552 lum
590 1540 600 1559 ,
633 1508 741 1560 quod
771 1516 910 1547 omnes
939 1503 1116 1544 aliorum
1152 1506 1414 1557 proprietates
1448 1505 1564 1545 habet
1595 1506 1637 1544 in
1656 1506 1730 1545 sta·
1775 1514 1781 1518 ‘

479 1583 525 1614 tu
556 1571 762 1614 soliditatis
793 1580 832 1609 et
862 1568 1095 1616 fluiditatis‚
1129 1567 1203 1608 hoc
1238 1567 1306 1607 fibi
1342 1577 1474 1609 tamen
1511 1568 1728 1622 proprium

477 1636 651 1686 habeat,
700 1633 808 1688 quod
855 1632 902 1673 ad
951 1629 1229 1673 ebullitionem
1281 1642 1392 1672 certo
1431 1632 1571 1673 calm-is
1602 1632 1728 1683 gradu

451 1701 608 1751 .1·edigi
643 1698 759 1752 poffit
780 1725 792 1748 ,
825 1696 930 1750 quod
963 1696 1196 1747 neutiquam
1231 1707 1330 1736 vero
1361 1696 1401 1734 in
1438 1694 1604 1747 reliquis
1637 1704 1728 1735 me-

482 1762 591 1804 taliis
623 1761 825 1802 obseruare
858 1761 962 1802 licet.
1048 1757 1123 1799 Sed
1155 1758 1229 1798 effe
1261 1769 1300 1798 et
1331 1759 1407 1800 alia
1442 1754 1729 1800 metallavbul-

481 1827 637 1868 lztionis
668 1826 735 1866 sub
784 1834 888 1865 certa
939 1822 1166 1863 conditione
1216 1823 1368 1875 capacia
1390 1853 1402 1874 ,
1452 1822 1551 1876 quin
1601 1820 1726 1875 ipsius

485 1902 644 1944 quoque
677 1887 927 1930 volatilitatis
948 1919 959 1939 ‚
988 1887 1070 1926 iam
1105 1885 1151 1925 ab
1183 1885 1271 1926 aliis
1304 1887 1499 1928 ostensum
1529 1881 1730 1938 est,quod

486 1954 528 1994 in
564 1953 755 2008 praesenti
787 1953 1006 2006 disquirere
1040 1946 1221 2002 pluribus
1253 1963 1331 1990 non
1363 1949 1466 1991 licet.
1540 1947 1728 1990 Gradum

484 2026 624 2060 autem
654 2015 796 2059 calor1s
818 2047 830 2070 ,
861 2017 930 2059 sub
960 2025 1043 2070 quo
1072 2012 1299 2056 Mercurius
1331 2013 1500 2057 ebullire
1528 2012 1696 2069 incipiat
1715 2041 1734 2065 ,

1647 2087 1745 2120 non,
