1856 2653
385 178 1002 222 FLv1D0RvM.
1227 192 1319 235 247

71 293 136 344 vbi
166 306 196 348 g
228 293 387 334 denotat
418 293 672 332 altitudinem
695 323 706 342 ,
756 304 805 332 ex
838 305 916 346 qua
949 289 1089 343 grauia
1123 304 1207 334 vno
1238 297 1321 336 mi·-

70 367 173 398 nnto
224 358 388 398 secundo
430 358 696 408 delabuntur,
746 369 870 409 quam
913 357 1107 397 nouimus
1139 357 1213 396 effe
1252 370 1325 411 ις,

70 425 159 469 625
200 423 286 475 ped.
321 419 447 462 Rhen.

212 497 281 525 21.
316 485 418 524 Tota
456 483 630 535 quaestio
664 493 761 534 crgo
795 483 876 523 huc
928 483 1164 534 reducitur3
1215 496 1321 538 quo·-

68 548 193 588 modo
227 548 320 587 hinc
352 549 548 600 temporis
580 548 830 587 {unctionem
865 548 904 586 T
938 547 1099 587 definiri
1121 558 1327 601 oporteat,-

66 613 384 665 quandoquidem
420 623 463 650 ea
494 612 652 662 cognita
687 620 824 651 motus
857 623 979 664 aquae
1010 611 1050 650 in
1086 620 1173 654 toto
1225 613 1322 653 tubo

64 676 112 715 ad
143 676 313 727 quoduis
348 684 509 727 tempus
544 674 750 714 innotescit
773 705 785 725 ‚
828 675 927 714 dum
961 675 1085 715 altera
1120 676 1321 727 temporis

63 737 218 779 functio
255 742 358 778 Azt
394 748 555 778 tuntum
590 739 630 777 in
690 739 893 790 messionis
936 747 966 792 p
1016 739 1320 780 determinatio-

62 812 158 839 nem
191 803 416 853 ingreditur
438 832 449 852 ‚
483 812 601 854 atque
637 801 734 842 adeo
765 815 787 842 a
820 801 949 841 lubitu
986 802 1119 841 nostro
1154 804 1324 855 pendet,

61 864 154 917 quia
189 868 334 919 quouis
377 876 559 917 tempore
609 864 749 903 tubum
802 865 1104 916 constringendo
1152 867 1317 919 preffio-

60 939 152 966 nem
192 929 257 968 vel
292 930 493 968 intendere
523 924 590 966 vel
623 929 830 967 remittere
865 928 966 971 licet.
1051 928 1119 968 Ex
1153 931 1209 969 rei
1243 942 1318 970 au-

59 998 140 1030 tem
176 1001 316 1031 natura
350 991 504 1032 func‘tio
538 990 609 1030 illa
642 994 839 1044 temporis
872 994 909 1033 T
959 992 1136 1045 sequenti
1187 994 1314 1035 ratio-

60 1053 167 1094 cinio
197 1054 286 1094 elici
319 1054 459 1094 debet:
494 1063 665 1107 ponatur
699 1056 835 1107 primo
869 1068 980 1096 arcus
1017 1054 1314 1109 AS:.s20‚

62 1125 244 1170 tempore
278 1126 323 1156 vt
357 1118 557 1156 constante
592 1116 763 1167 spectato
784 1149 795 1167 ‚
845 1128 894 1157 vt
919 1127 948 1171 p
982 1120 1160 1170 praebeat
1202 1132 1316 1172 pres-

61 1178 212 1219 sionem
248 1181 287 1218 in
323 1179 411 1219 loco
445 1178 503 1227 A;
539 1186 629 1216 tum
662 1178 735 1232 ipsi
771 1193 791 1219 s
825 1180 941 1220 detur
975 1180 1092 1220 valor
1125 1182 1203 1221 toti
1243 1191 1314 1222 tu·

60 1241 97 1281 bi
132 1241 375 1294 longitudini
420 1240 647 1283 ACBDA
696 1240 900 1294 aequalis,
949 1252 996 1282 vt
1046 1243 1089 1283 in
1138 1246 1314 1286 eundem

57 1302 198 1344 locum
229 1307 268 1345 A
299 1313 588 1353 reuertamur,
639 1306 757 1355 atque
791 1304 908 1344 valor
941 1317 1016 1357 pro
1041 1313 1071 1358 p
1105 1304 1200 1347 hinc
1243 1319 1312 1346 re-

53 1366 200 1406 sultans
232 1365 438 1407 necessario
471 1365 716 1419 praecedenti
748 1365 919 1420 aequalis
952 1365 1026 1406 effe
1065 1367 1207 1410 debet:
1247 1379 1312 1411 at-

56 1441 132 1483 que
181 1441 234 1470 ex
282 1429 355 1470 hac
399 1430 634 1483 aequatione
668 1429 918 1471 functionem
954 1426 1071 1470 illam
1104 1432 1143 1471 T
1172 1433 1309 1474 deter-

57 1493 211 1534 minare
262 1492 426 1541 licebit3
476 1503 575 1544 quae
623 1492 815 1542 quoniam·
866 1503 938 1546 per
995 1494 1309 1544 integrationem

54 1556 213 1598 elicitur
234 1586 245 1605 ‚
277 1558 330 1596 ita
365 1555 476 1595 debet
507 1553 581 1594 effe
611 1564 839 1608 comparata
859 1584 871 1602 ‚
924 1563 976 1596 vt·
1019 1556 1150 1608 posito
1199 1568 1309 1601 tem-

56 1632 154 1674 pore
188 1627 302 1659 tzo
336 1631 379 1658 ea
412 1616 612 1658 euanescat
634 1649 645 1669 ‚
682 1618 774 1671 quia
808 1619 928 1659 initio
961 1621 1096 1659 omnis
1130 1633 1228 1674 aqua
1262 1624 1306 1664 in

55 1684 192 1737 quiete
225 1682 335 1722 fuiss‘e
365 1681 569 1722 affumiur.
631 1681 765 1737 Quare
798 1682 828 1722 fi
863 1691 1047 1735 tempore
1080 1684 1307 1727 succedente

55 1746 256 1799 quantitas
287 1747 325 1786 T
358 1758 435 1786 non
469 1746 645 1801 amplius
678 1745 800 1786 fuerit
830 1744 940 1786 nulla
961 1776 972 1795 ‚
1007 1745 1101 1788 hinc
1136 1750 1306 1791 conclu-

54 1810 229 1850 dendum
261 1810 362 1860 erit,
393 1821 537 1863 aquam
570 1809 754 1862 deinceps
785 1823 866 1850 non
897 1808 1072 1863 amplius
1113 1811 1156 1853 in
1189 1814 1309 1867 quie·

57 1882 96 1913 te
125 1885 357 1927 permanere
391 1871 505 1926 poffe.

204 1948 275 1977 22.
310 1936 404 1992 Quo
435 1945 570 1976 autem
602 1934 749 1976 clarius
781 1937 1043 1990 perspiciatur
1074 1949 1095 1978 a
1129 1951 1304 1992 quanam

19 2015 24 2019 “
54 1999 162 2042 caula
194 2013 293 2055 aqua
326 2000 511 2056 primum
542 2001 591 2042 ad
621 2010 786 2043 motum
818 2003 1040 2044 concitetur
1061 2033 1073 2056 ,
1105 2013 1307 2057 ponamus

1142 2066 1311 2119 septum'
