1856 2653
465 216 557 256 230
658 197 1530 246 OBSERVATIONES‘

610 319 706 360 Lux
751 315 917 358 borealis
968 315 1185 370 tranquilla
1232 317 1338 357 inter
1380 314 1420 355 h.
1470 327 1525 355 10
1561 322 1602 355 et
1641 325 1714 356 ιι.

461 384 498 425 d.
537 397 606 423 12.
640 382 843 436 consp-ela
878 380 930 420 est
963 381 1250 422 columnarum
1284 383 1324 421 in
1367 380 1497 420 altum
1550 381 1715 431 surgen-

461 449 569 490 tium
604 448 747 503 specie,
778 446 893 490 coelo
927 445 1061 487 sereno
1082 481 1092 499 ,
1133 457 1253 488 vento
1288 445 1525 488 WNWx.
1561 443 1713 493 1).13.

461 513 618 556 Glztcies
659 515 790 554 ‘rurae
825 513 944 552 fluuii
980 514 1121 567 rumpi
1153 513 1287 565 coepit
1308 543 1319 562 ,
1369 520 1408 550 et
1440 509 1618 562 sequenti
1649 510 1718 551 dic

459 578 612 621 fluuius
645 591 667 620 a
700 577 827 631 glacie
860 591 883 618 e
917 578 1079 628 regione
1116 577 1224 619 vrbis
1253 577 1351 616 liber
1385 584 1483 616 erat.

855 683 1059 744 Menfis
1129 685 1329 744 Maius,

612 802 770 844 Eodem
804 802 844 841 in
881 801 1000 852 loco,
1035 804 1236 844 nimirum
1280 801 1447 843 Turinii
1486 796 1719 855 (Turinsk)

462 867 753 910 obseruationes
789 864 929 906 mensis
963 866 1065 907 Maii
1098 867 1188 906 sunt
1209 867 1421 906 institutae.
1489 867 1590 906 Erat
1610 867 1722 906 sum-

465 944 533 973 ma
563 931 735 972 altitudo
769 929 1002 970 Barornetri
1035 940 1154 978 :27.
1179 935 1248 977 85.
1283 938 1323 969 et
1356 928 1497 968 infima
1516 941 1722 978 :27.12.

466 996 583 1048 Ergo
616 995 835 1035 differentia
870 997 982 1041 :³⁷0³ss
1016 993 1112 1034 hinc
1146 994 1276 1035 media
1310 1003 1448 1042 :27-
1470 997 1558 1041 483.
1628 993 1723 1033 Ma-

416 1052 418 1054 *
467 1060 582 1102 xima
616 1059 789 1099 altitudo
821 1058 992 1108 contigit
1025 1061 1062 1100 d.
1099 1070 1167 1097 21.
1203 1057 1243 1097 h.
1285 1070 1338 1095 12
1384 1056 1510 1096 noete.
1574 1054 1723 1096 Proxi-

465 1136 535 1164 me
566 1122 793 1162 antecedens
828 1131 968 1168 2:27.
993 1126 1061 1160 80.
1096 1128 1135 1158 et
1169 1119 1359 1171 proxime
1401 1119 1559 1171 sequens
1599 1119 1725 1159 etiam

466 1201 522 1231 ς
545 1195 616 1234 27.
643 1191 713 1226 80.
783 1184 939 1223 Ventus
973 1182 1126 1233 No1,
1157 1183 1408 1233 antecedens,
1440 1182 1532 1233 Or,
1564 1183 1728 1235 sequens

466 1248 609 1292 ONO
622 1262 660 1289 2.
723 1247 898 1288 Coelum
950 1256 1034 1286 erat
1084 1248 1162 1287 fere
1211 1248 1394 1287 serenum
1447 1248 1509 1286 vti
1565 1257 1728 1300 quoque

466 1313 606 1355 diebus
624 1311 776 1353 duobus
811 1310 1143 1361 antecedentibus,
1172 1311 1309 1350 diebus
1343 1321 1444 1349 vcro
1476 1311 1728 1364 sequentibus

469 1378 667 1419 maiorem
723 1382 877 1428 partem
937 1373 1125 1414 nubilum
1176 1383 1216 1413 et
1267 1372 1475 1426 pluuium.
1569 1372 1731 1414 Gradus

470 1440 777 1483 Thermemetri
814 1449 986 1484 1:130.
1024 1438 1108 1490 post
1141 1436 1357 1476 meridiem
1392 1435 1435 1476 h.
1474 1448 1515 1484 3.
1551 1441 1656 1479 126.
1686 1444 1730 1477 et

469 1516 589 1547 mane
622 1501 798 1555 sequenti
833 1501 896 1541 die
937 1511 1037 1549 ¹34·

619 1592 799 1636 Minima
840 1591 1014 1633 altitudo
1052 1600 1186 1633 notata
1220 1592 1273 1633 est
1304 1593 1340 1633 d.
1375 1602 1415 1643 7.
1453 1591 1494 1633 h.
1521 1602 1573 1646 ¹7.
1603 1605 1637 1634 a.
1670 1605 1728 1640 ιη.

468 1655 611 1712 pluuia
643 1658 752 1708 larga
786 1658 945 1698 cadente
967 1688 978 1707 ‚
1030 1657 1093 1697 vti
1127 1669 1288 1711 quoque
1337 1658 1398 1697 die
1450 1653 1729 1711 antecedenti,'

468 1721 630 1774 sequens
664 1732 801 1762 autem
836 1722 916 1762 dies
950 1721 995 1762 ab
1025 1722 1146 1762 initio
1177 1721 1530 1773 subnubilus‚dein
1555 1723 1724 1763 serenus,

471 1784 629 1825 Ventus
664 1786 762 1825 W2
799 1787 861 1826 vti
895 1798 1055 1840 quoque
1087 1786 1240 1826 duobus
1281 1786 1414 1826 diebus
1462 1787 1728 1828 antecedenti-

470 1848 575 1900 bus,
631 1849 783 1903 vesperi
839 1860 1019 1891 mutatus
1071 1851 1112 1889 in
1147 1851 1244 1898 W3
1281 1860 1320 1890 et
1354 1849 1397 1900 4‘.
1433 1853 1502 1905 qui
1538 1862 1727 1903 magnam

471 1913 638 1954 fiiuium
671 1915 831 1967 copiam
862 1915 995 1955 secum
1030 1913 1127 1955 tulit
1157 1915 1198 1953 in
1234 1914 1417 1967 piuuiam
1453 1917 1614 1957 tandem
1660 1927 1728 1955 re·-

471 1977 671 2027 mimam,
699 1977 1020 2019 Thermomctro
1059 1992 1142 2027 142
1165 1979 1417 2021 monstrante.
1452 1979 1573 2022 Mane
1592 1978 1730 2019 Ther-

471 2042 669 2085 mometri
703 2043 847 2095 gradus
882 2056 1006 2093 :13
1016 2054 1036 2093 5
1074 2053 1113 2084 et
1146 2056 1185 2099 p.
1221 2055 1275 2084 m.
1316 2054 1419 2096 137.
1482 2045 1732 2087 Antecec’ens

1627 2107 1725 2149 alti-
