1856 2653
442 172 544 227 v*
732 151 1407 205 INSECTORVM

444 286 498 329 ga
528 272 584 315 est
606 301 620 324 ‚
665 280 713 313 vt
744 270 862 324 dig'ti
897 268 1130 314 auricularis
1161 271 1318 326 apicem
1350 267 1568 313 commode
1597 265 1705 313 ree&

447 340 546 396 piat.
644 338 709 378 Ad
743 336 917 377 thoracis
950 336 1072 377 latera
1092 368 1106 386 ,
1161 337 1275 378 iuxta
1303 336 1387 377 eius
1421 333 1525 376 basm
1550 365 1562 385 ‚
1612 346 1703 377 arca

453 413 600 455 magna
631 400 785 452 rugosa.
855 400 1024 440 Limbus
1058 401 1228 441 thoracis
1262 407 1344 439 tam
1380 400 1507 439 antice
1528 428 1540 447 ,
1579 409 1704 451 quam

447 468 499 508 ad
538 467 659 506 latera
694 462 922 504 notabiliter
956 465 1207 518 produitus‚
1257 473 1297 502 et
1329 464 1376 503 ad
1407 463 1502 503 haec
1534 461 1603 502 sub
1632 474 1710 504 an·

450 529 551 583 gulo
581 538 700 570 acuto
731 527 902 567 inflexus
935 529 1018 569 est:
1063 538 1172 582 parte
1202 527 1350 570 inflexa
1383 527 1496 579 plana
1517 556 1530 575 ,
1559 535 1602 566 et
1631 537 1707 566 an-

452 594 604 639 teriora
637 592 772 633 versus
804 590 945 632 {ensim
974 594 1193 644 angustata.
1271 589 1525 643 Senonum,
1561 592 1604 637 1}
1629 588 1706 632 lim

454 658 656 709 longumt
688 657 799 709 apice
832 656 981 697 obtuso.

607 718 756 771 Elytra
784 732 1000 771 connexa,
1035 732 1179 773 parum
1213 718 1438 769 marginata
1472 726 1513 758 et
1547 714 1711 769 inflexa,

447 780 530 829 bafi
563 781 612 823 ad
643 783 843 835 angulum
873 794 1089 824 externum
1123 784 1206 825 leui
1243 781 1542 835 protuberantia
1562 811 1579 831 ‚
1611 792 1711 834 pro·

455 848 572 897 xime
601 848 650 886 ad
677 845 980 887 commiffuram
1021 845 1126 885 linea
1167 843 1455 895 longitudinali
1511 844 1711 899 infignita.

458 911 632 952 femora
663 921 718 949 ex
749 919 874 950 ouato
908 908 1080 960 oblonga
1101 940 1114 959 ‚
1166 907 1348 962 pilorum
1387 919 1416 947 e
1458 909 1569 960 poris
1615 918 1713 948 con-

457 972 586 1024 tiguis
617 974 949 1026 prouenientium
1016 971 1171 1026 aliquot
1222 973 1386 1013 seriebus
1407 1002 1419 1020 ,
1475 983 1547 1010 ceu
1596 968 1715 1011 sulcis

461 1035 822 1087 longitudinalibus
842 1067 854 1086 ‚
887 1036 1087 1076 instructa.
1150 1036 1289 1073 Tibiae
1320 1035 1472 1074 anticae
1491 1063 1505 1083 ‚
1543 1044 1716 1076 externo

459 1101 644 1150 margine
695 1099 928 1138 trident-atae
947 1128 960 1146 ‚
1016 1097 1176 1137 interno
1228 1099 1362 1136 verius
1410 1097 1717 1138 extremitatem

455 1172 607 1217 quarto
653 1162 770 1202 dente
791 1193 802 1212 ,
866 1160 1093 1211 angustiore
1121 1191 1134 1210 ‚
1204 1159 1410 1201 accefl‘orio
1469 1161 1716 1202 terminatae.

463 1227 624 1268 Faciem
659 1237 800 1265 earum
837 1237 1042 1276 pronam,
1084 1224 1339 1275 eiusdemque
1374 1224 1558 1264 medium
1579 1255 1592 1276 ,
1624 1223 1721 1265 lon«.

465 1288 699 1340 gitudinalis
736 1286 918 1339 pilorum
958 1288 1108 1337 series,
1155 1288 1393 1339 supinaeque
1445 1287 1567 1328 latera
1615 1288 1719 1328 duae

465 1352 564 1394 aliae
585 1381 598 1400 ‚
639 1350 820 1390 medium
854 1361 954 1388 vero
985 1349 1087 1389 linea
1117 1351 1295 1388 eminens
1327 1349 1549 1400 distinguit.
1647 1350 1725 1392 In-

468 1414 685 1456 tei-mediae
715 1425 760 1453 ac
792 1412 960 1464 posticae
991 1410 1109 1449 tibiae
1142 1410 1235 1448 facie
1283 1413 1480 1451 exteriore
1527 1411 1725 1454 articula-2

468 1479 546 1519 tim
577 1474 685 1530 quafi
717 1476 778 1516 bis
811 1471 970 1527 oblique
1010 1473 1149 1512 incisae
1170 1503 1183 1522 ‚
1230 1474 1486 1515 extremitate
1534 1475 1729 1516 inferiore.

469 1541 512 1582 in
544 1541 706 1581 dentem
738 1536 922 1580 definunt
945 1567 958 1587 ‚
989 1536 1220 1589 duobusque
1242 1567 1255 1587 ‚
1289 1547 1443 1590 praeter
1477 1538 1586 1580 hur-c
1606 1572 1618 1589 ‚
1654 1552 1727 1580 πο.

467 1603 640 1645 cefforiis
669 1602 953 1643 instruuntur:
1000 1602 1200 1642 exteriore
1231 1602 1412 1641 breuiore
1432 1631 1446 1645 ,
1480 1602 1723 1656 paululum-

468 1680 547 1723 que
578 1667 748 1717 latiore‚
781 1666 974 1706 interiore
1007 1663 1189 1717 longiore
1224 1675 1264 1705 et
1296 1666 1533 1717 angustiore.
1609 1666 1723 1709 Inci-

473 1732 658 1775 surarum
679 1761 691 1780 ‚
721 1729 913 1771 articulos
948 1730 1237 1770 mentientium
1258 1761 1271 1776 ,
1319 1731 1518 1781 margines
1537 1762 1550 1783 ,
1600 1740 1651 1773 vt
1679 1738 1725 1772 et

469 1796 600 1839 lineae
631 1795 824 1848 quaedam
875 1794 1181 1841 scrobiculatae‚
1231 1793 1332 1847 pilos
1372 1795 1568 1836 sustinent.
1643 1793 1723 1836 Pili

471 1858 553 1910 hi,
584 1857 728 1913 quibus
757 1868 798 1899 et
835 1861 952 1912 pedes
999 1868 1276 1904 exornantur,
1324 1860 1463 1900 ceteris
1509 1859 1550 1900 in
1600 1859 1723 1902 abdo-

472 1923 587 1968 mine
617 1922 834 1975 djstributis
855 1954 866 1972 ‚
900 1923 1104 1974 longiores
1131 1932 1172 1963 et
1204 1924 1401 1965 craffiores
1430 1926 1550 1973 sunt;
1581 1932 1724 1963 omnes

471 1996 616 2035 autem
648 1986 851 2041 rigiditate
882 1988 1069 2043 superant
1108 1987 1173 2040 ii,
1219 2001 1320 2043 quos
1364 1989 1406 2031 in
1456 1988 1729 2030 incisurarum

627 2068 630 2071 ·
1565 2061 1723 2105 margi-j
