1856 2653
443 198 531 236 510
664 184 1436 232 INVESTIGATIO

578 301 728 341 Omnes
763 301 895 355 itaque
928 300 1216 340 obseruationes
1249 316 1269 343 a
1311 314 1376 342 me
1428 302 1470 341 in
1517 313 1689 356 compu-

444 372 535 403 tum
592 365 731 405 ductae
754 397 764 416 ‚
816 378 863 405 co
896 366 1021 414 gradu
1051 366 1091 404 in
1126 366 1323 408 statuenda
1357 364 1461 406 Solis
1495 365 1690 419 parallaxi

443 427 717 477 consentiunt,
752 438 798 468 vt
834 429 1039 481 pleraeque
1074 441 1152 468 non
1185 430 1256 469 nist
1290 432 1329 469 in
1356 428 1577 469 centefimis
1608 430 1690 469 mi-

441 492 531 529 nuti
566 491 723 532 secundi
758 492 934 545 partibus
967 492 1211 545 discrepent,
1245 490 1382 547 atque
1439 494 1610 532 minima
1668 503 1692 531 a

441 555 621 595 maxima
656 567 733 594 non
770 555 841 595 nisi
878 555 1028 600 0²436
1060 556 1087 594 i.
1125 568 1157 595 e.
1192 558 1308 596 tertia
1348 556 1501 596 circiter
1541 555 1694 597 minuti

438 617 593 657 secundi
627 628 738 671 parte
772 619 990 673 superetur.
1057 619 1235 660 Mediam
1268 621 1399 673 itaque
1431 631 1483 659 ex
1515 619 1580 660 his
1622 620 1694 660 de-

445 682 793 723 terminationibus
826 684 1093 738 quantitatem
1133 684 1271 733 8‘².33
1311 698 1385 737 pro
1418 695 1512 724 vera
1534 682 1692 734 magni-

445 746 584 786 tudine
618 747 860 799 parallaxeos
910 747 1102 787 assumere
1150 750 1240 787 iure
1290 747 1524 802 poffumus:
1574 757 1692 799 atque

442 822 539 849 curn
573 810 736 850 nullum
772 810 820 850 fit
850 812 891 851 in
928 821 1010 850 tota
1043 811 1298 852 Astronomia
1332 813 1579 852 elementum
1602 841 1613 860 ‚
1642 809 1692 849 cle

440 873 556 912 cuius
589 874 809 925 quantitate
841 871 909 914 vel
943 873 989 912 ad
1023 885 1156 913 vnum
1206 875 1418 916 minutum
1475 876 1690 914 secundum

444 945 554 975 certo
586 937 763 984 constet,
811 934 1006 987 gratulari
1041 936 1150 975 nobis
1192 937 1407 988 debemus,
1455 938 1562 989 quod
1589 968 1600 988 ‚
1650 936 1702 975 in⁴

442 1009 525 1039 tam
574 1000 693 1039 ardua
744 1012 785 1038 re
806 1030 816 1049 ‚
876 1000 922 1039 ad
956 1008 1038 1038 tam
1073 999 1346 1042 incredibilem
1379 1000 1694 1040 exac'titudinem

444 1061 597 1103 nostris⁴
618 1063 867 1116 temporibus
898 1062 997 1101 eniti
1031 1060 1203 1101 licuerit.
1462 1052 1464 1055 ’

570 1198 1556 1261 ADDITAMENTVM.

590 1322 749 1361 Praeter
797 1323 1135 1362 obseruationem*
1165 1322 1351 1360 transitus
1404 1321 1568 1361 Veneris
1627 1332 1698 1374 per

446 1383 602 1424 discum
634 1384 737 1425 Solis
756 1415 767 1434 ,
800 1385 846 1424 ab
878 1384 1114 1423 astronomis
1146 1384 1290 1431 Augus
1319 1384 1365 1421 ad
1397 1382 1529 1435 Caput
1562 1383 1697 1423 Bonae

446 1446 539 1498 Spei
573 1446 770 1498 peractam
794 1477 805 1496 ,
841 1449 970 1488 >datur
1004 1442 1134 1495 adhuc
1166 1441 1242 1483 alia
1274 1443 1313 1481 in
1358 1452 1470 1495 parte
1520 1443 1699 1489 Telluris

447 1509 605 1550 australi
637 1522 658 1549 a
691 1508 775 1550 Cel.
810 1508 949 1562 Pingre
986 1508 1027 1546 in
1067 1506 1192 1547 insula
1235 1507 1459 1557 Rodrigues
1500 1507 1697 1547 instituta:

446 1573 786 1626 comparationem
839 1573 951 1613 cuius
1002 1581 1097 1610 cum
1157 1570 1378 1622 Europaeis
1433 1568 1597 1624 aliisque
1654 1571 1698 1610 in

449 1647 561 1690 parte
594 1635 773 1677 Telluris
803 1636 949 1677 boreali
985 1634 1150 1688 peractis
1185 1635 1225 1673 in
1258 1634 1558 1685 inuestigatione
1606 1645 1697 1674 mea

451 1700 695 1753 pai-allaxeos
718 1698 826 1742 'Solis
847 1732 858 1752 ‚
889 1711 992 1739 anno
1027 1699 1239 1751 praeterito
1270 1698 1505 1737 Academiae
1539 1697 1699 1748 tradita,

449 1765 541 1805 ideo
574 1764 824 1817 potiffimum
861 1777 938 1803 non
974 1762 1158 1812 institui,
1188 1761 1314 1814 “quod
1348 1761 1580 1813 Longitudo
1634 1761 1699 1800 in'-

449 1828 556 1869 sulae
590 1827 712 1867 huius
746 1839 841 1868 tunc
889 1825 1046 1880 liquido
1096 1838 1173 1866 non
1226 1825 1428 1865 constabat.
1522 1823 1698 1866 Perledta

451 1905 550 1933 vero
581 1892 733 1940 erudita
767 1890 1029 1932 dissertatione
1064 1889 1148 1931 Cel.
1184 1888 1321 1940 Pingre
1341 1921 1352 1940 ,
1392 1902 1509 1943 quae-
1531 1900 1699 1941 compa-

451 1966 512 1995 ret
547 1958 586 1995 in
619 1956 927 1997 Commentariis
959 1954 1195 1994 Academiae
1228 1953 1382 2003 Regiae
1432 1952 1698 1993 Scientiarum

453 2019 645 2061 Parifinae
680 2021 720 2059 in
754 2031 904 2060 anuum
944 2022 1057 2068 1761
1096 2017 1231 2067 editis,
1266 2029 1343 2057 nou
1379 2008 1712 2069 Longitudinen'r

1565 2078 1698 2120 solum
