1856 2653
426 257 481 294 32
874 241 991 283 DE
1055 225 1229 282 vsv

424 370 445 397 c
470 366 530 397 rte
565 356 764 410 specimen
798 351 987 393 exhibere
1021 353 1094 392 vix
1128 350 1259 392 licebit
1282 383 1292 402 ‚
1333 364 1417 406 quo
1453 353 1546 393 vsus
1580 354 1687 395 istius

429 420 671 472 algorithmi
709 417 932 458 illustretur
965 427 1005 455 et
1039 417 1357 456 commendetur.
1419 416 1497 456 Vbi
1531 417 1569 457 id
1605 419 1686 457 im—

433 485 577 539 primis
612 492 750 523 notatu
785 482 955 532 dignum
991 480 1170 520 occurrit
1191 511 1201 531 ‚
1249 482 1356 534 quod
1398 489 1533 520 totum
1572 494 1688 522 com--

434 549 626 603 pendium
689 546 778 585 inde
830 544 1171 585 subministratum
1225 544 1477 598 potiffimum
1528 544 1690 586 idoneo-

434 624 529 652 rum
565 609 776 663 fignorum
812 609 883 650 vsu
926 608 1190 649 contineatur.

587 752 630 791 7.
694 741 969 794 operationes,
987 742 1127 794 quibus
1167 739 1295 782 Pellius
1328 740 1382 780 est
1399 741 1513 790 vsuS‚
1534 737 1693 779 aliunde

444 806 610 857 quidem
648 805 734 845 satis
769 806 857 844 sunt
892 816 1006 845 notae
1028 837 1038 855 ,
1073 817 1226 858 egoque
1262 805 1343 844 iam
1378 818 1439 845 eas
1472 803 1547 844 alia
1581 815 1694 843 occa-

444 868 549 908 sione
584 869 706 909 fufius
737 866 950 919 descripsi3
999 881 1048 907 ex
1090 882 1172 922 quo
1205 880 1253 908 eo
1287 868 1424 908 minus
1460 879 1559 920 opus
1609 866 1661 905 est
1686 896 1699 916 ‚

443 942 490 971 vt
525 933 573 971 iis
606 932 737 972 denuo
767 931 1009 985 explicandis
1044 932 1109 973 hic
1144 933 1343 972 immorer
1365 964 1375 983 ,
1425 944 1521 972 cum
1572 939 1701 970 totam

447 995 643 1047 Analysm
698 995 765 1034 hic
816 996 936 1047 longe
987 994 1063 1036 alia
1109 996 1264 1037 ratione
1307 995 1382 1035 sim
1434 997 1700 1035 instituturus.

450 1060 553 1103 Eius
587 1058 733 1099 scilicet
769 1059 1018 1112 principium
1052 1072 1103 1100 ex
1134 1059 1208 1100 hoc
1239 1060 1344 1098 fonte
1379 1059 1523 1098 haurio
1545 1088 1556 1108 ,
1596 1056 1704 1110 quod

451 1143 547 1170 cum
583 1130 632 1170 fit
661 1128 981 1184 ppthq-†—1
1012 1162 1022 1180 ‚
1066 1134 1254 1185 proxime
1303 1131 1372 1171 fiat
1423 1125 1619 1190 ξῑνί,
1653 1139 1705 1168 ex

452 1214 534 1256 quo
570 1202 823 1241 manifestum
853 1195 966 1258 είὶ,-ζ
1001 1203 1198 1240 eiusmodi
1233 1202 1307 1238 esse
1339 1202 1710 1252 fraffionem‚quae

453 1266 638 1305 valorem
675 1263 949 1301 irrationalem
989 1258 1050 1300 Vl
1080 1275 1164 1302 tam
1200 1274 1324 1313 prope
1366 1264 1571 1314 exprimat
1594 1292 1604 1311 ,
1643 1262 1708 1302 seu

454 1339 553 1366 eum
588 1335 672 1365 tam
710 1337 855 1377 parum
889 1324 1048 1363 excedat
1072 1355 1082 1373 ,
1118 1332 1164 1362 vt
1199 1324 1255 1372 id,
1277 1322 1347 1361 nisi
1385 1325 1604 1363 ma'oribus
1632 1338 1709 1363 nu-

459 1391 581 1430 meris
624 1387 884 1438 aihibeudis‚
934 1387 1155 1426 accuratius
1207 1386 1294 1425 fieri
1348 1397 1527 1438 nequeat.
1592 1387 1711 1441 Quod

460 1453 663 1508 problema
687 1483 697 1502 ,
729 1452 834 1492 olim
870 1450 1034 1491 feliciter
1077 1465 1097 1490 a
1130 1449 1304 1503 Walsjsto
1337 1448 1516 1490 solutum
1538 1481 1549 1500 ,
1597 1452 1711 1503 equi-

461 1519 553 1558 dem
588 1528 748 1569 quoque
784 1516 865 1553 iam
917 1514 1072 1553 dudum
1126 1525 1194 1564 per
1244 1513 1452 1554 fractiones
1506 1514 1714 1555 continuas

462 1580 598 1623 multo
629 1578 885 1619 commodius
920 1576 1120 1633 expediui.

624 1724 662 1758 8.
728 1717 823 1773 Quo
856 1729 953 1769 ergo
1003 1715 1080 1758 hoc
1131 1726 1421 1769 argumentum
1470 1713 1716 1760 luculentius

459 1784 508 1821 ‘et
541 1781 679 1822 ordine
713 1782 954 1835 perti-aerem
977 1813 987 1832 ‚
1024 1783 1208 1834 primum
1263 1783 1436 1822 radicem
1486 1783 1719 1836 quadratam

470 1857 521 1884 ex
556 1847 699 1898 quouis
736 1858 907 1885 numero
937 1846 977 1885 in
1014 1846 1246 1886 fraffionem
1282 1846 1517 1886 continuam
1549 1846 1716 1886 euolue-

470 1921 516 1948 re
546 1909 718 1960 docebo,
752 1912 871 1962 idque
903 1908 1098 1950 methodo
1146 1922 1269 1963 quam
1322 1910 1495 1950 minime
1547 1909 1719 1951 molesta.

472 1982 629 2023 Deinde
661 1983 877 2034 ostendam,
894 1984 1100 2035 quomodo
1131 1983 1220 2023 inde
1238 1982 1446 2024 fraffiones
1477 1976 1500 2041 ξ
1540 1982 1724 2023 valorem

474 2045 747 2088 irratiouaiem
787 2044 846 2084 Vl
886 2048 1072 2098 proxime
1121 2048 1392 2099 exprimentes
1441 2047 1607 2086 formari
1654 2046 1723 2086 de·-

476 2109 588 2149 beant
608 2141 618 2160 ‚
655 2110 696 2150 in
730 2109 943 2150 subsidium
987 2120 1127 2150 vocato
1165 2110 1436 2162 Algorithmo
1467 2120 1576 2150 nouo
1610 2109 1727 2162 supra

477 2172 688 2228 explicato.
754 2174 869 2215 Tum
903 2185 1002 2215 vero
1032 2173 1144 2216 facile
1178 2175 1326 2228 patebit
1345 2205 1358 2226 ‚
1387 2175 1593 2228 quomodo
1632 2172 1728 2213 hinc

1582 2248 1728 2278 nume-
