1856 2653
311 140 952 190 METEOROLOGICARVM
987 139 1039 186 Δρ
1082 150 1213 196 1762.
1308 160 1395 202 ³7³

148 261 239 315 bili,
267 271 307 304 et
339 263 421 304 dies
452 261 605 303 serenus
626 291 638 312 ,
690 262 751 301 vti
786 272 945 316 quoque
979 258 1135 314 aliquot
1169 265 1400 306 anteceden-

145 337 204 369 tes
235 338 274 368 et
309 329 593 380 consequentes.
663 323 954 366 Barometrum
986 331 1056 368 28.
1078 330 1151 367 08.
1172 329 1278 379 quod
1297 340 1401 369 nunc

145 392 370 435 descendere
401 390 530 444 coepit
563 399 690 442 Vsque
723 391 770 431 ad
808 400 864 439 27
913 395 982 438 83.

292 463 487 506 Ceterum
521 461 588 502 hic
621 462 731 503 calor
764 463 971 503 maximus
1004 459 1126 503 huius
1145 461 1254 513 anni,
1271 473 1401 518 quum

144 540 226 569 non
261 536 453 581 exaequet
483 529 654 580 gradum
688 526 834 568 caloris
891 527 1124 568 maximum
1178 537 1253 577 97.
1307 526 1404 567 alias

142 590 210 633 hic
244 594 530 644 obseruatum3
584 602 721 633 manet
755 591 825 632 hic
860 592 906 633 ad
940 591 1018 632 hoc
1056 601 1219 646 tempus
1270 590 1404 631 maxi-

144 668 250 697 mus.
336 657 391 698 Et
433 658 607 711 spatium
643 669 803 710 quoque
838 656 1118 698 variationum
1151 656 1405 696 thermome·

144 722 344 762 tricarum
375 731 510 761 manet
542 723 791 762 inuariatum
821 730 976 770 :115
1016 721 1231 773 graduum.

288 790 364 833 Sed
399 791 446 833 de
481 791 626 833 Calore
669 801 709 832 et
760 792 936 841 Frigore
984 790 1108 842 fatis,
1158 790 1405 831 veniendum

143 854 197 895 est
226 855 274 895 ad
307 856 486 898 Meteora
511 886 522 906 ‚
572 866 677 907 quae
708 852 877 906 fingulis
911 853 1004 893 anni
1042 853 1241 896 menfibus
1273 854 1405 896 conti·

141 927 302 972 gerunt,
366 918 470 963 Sunt
503 926 642 960 autem
676 929 720 959 ea
742 948 755 971 ‚
787 930 890 973 quae
922 918 1156 971 sequuntur.

492 1026 700 1089 Mensis
744 1025 1050 1088 Ianuarius.-

290 1123 444 1166 Omnes
481 1124 565 1165 dies
599 1123 731 1165 nubili-
762 1133 803 1165 et
842 1123 975 1166 niuofi
1010 1125 1119 1165 fuere
1153 1135 1310 1182 praeter
1337 1140 1409 1177 29.

141 1187 217 1240 qui>
245 1188 377 1229 clarus
408 1188 498 1230 fuit.

293 1257 417 1302 Venti
470 1253 801 1302 vehementiores·
843 1261 955 1301 fuere
1003 1254 1079 1302 hoc
1124 1261 1256 1303 mense
1290 1274 1332 1311 4.
1367 1261 1405 1304 d.

149 1333 222 1361 10.
262 1322 380 1371 Wa.
425 1325 465 1365 d.
511 1336 583 1372 24·
631 1326 730 1371 W3
768 1333 809 1362 et
844 1337 888 1372 4.
925 1324 964 1363 d.
1002 1334 1070 1371 25·
1111 1324 1227 1374 W3.
1261 1325 1298 1366 d.
1334 1328 1406 1366 26.

142 1384 205 1426 W
233 1397 256 1436 3
293 1395 334 1426 et
367 1400 411 1436 4.
478 1385 673 1429 Ceterum
708 1395 854 1426 ventus
888 1398 940 1426 ex
974 1385 1178 1429 ochdente
1228 1399 1269 1430 et
1318 1400 1409 1430 me-

144 1449 246 1490 ridie
275 1450 409 1491 solum
444 1450 644 1503 spirauit‚
679 1448 742 1488 W
773 1461 844 1502 per
878 1451 958 1490 dies
995 1462 1064 1492 20.
1097 1461 1138 1492 et
1167 1452 1193 1493 S
1227 1464 1301 1506 per
1325 1453 1407 1495 dies

154 1524 230 1554 η.
265 1513 303 1553 d.
342 1525 382 1551 2.
420 1522 461 1560 3.
500 1516 541 1555 6.
579 1520 736 1563 7315.
776 1523 848 1562 17.
892 1520 960 1556 18.
1002 1528 1071 1565 19.
1111 1524 1181 1564 30.
1218 1524 1291 1565 31.

293 1582 487 1635 Altitudo
517 1598 640 1641 aquae
671 1592 722 1625 ex
756 1587 852 1626 niue
877 1585 1089 1642 liquefad'ta
1114 1601 1206 1639 34,-
1227 1588 1298 1630 lin.
1320 1601 1408 1644 pat.

299 1658 459 1701 Nebula
492 1657 605 1701 densa
637 1659 675 1700 d.
717 1671 786 1700 12.
817 1672 853 1700 a.
891 1673 952 1701 m..

291 1731 388 1775 Lux
421 1730 586 1774 borealis
620 1730 773 1786 placida
807 1733 846 1773 d.
890 1744 963 1773 12.

552 1836 992 1901 Februarius*

299 1936 487 1993 Plerique
515 1938 597 1980 dies
630 1949 671 1981 et
699 1938 777 1980 hoc
811 1941 943 1980 mense
973 1938 1086 1981 fuere
1117 1938 1248 1982 nubili
1282 1949 1324 1982 et
1339 1940 1407 1984 ni-

146 2001 232 2046 vofi
255 2033 267 2057 ,
306 2016 337 2054 9
372 2013 509 2046 tamen·
535 2004 639 2046 inter
671 2004 822 2046 serenos
857 2006 1066 2047 nume-rari
1101 2005 1272 2061 poffunt.

733 2068 774 2112 A
792 2082 813 2111 a
829 2081 851 2110 a
887 2081 910 2119 3
1254 2068 1402 2112 Nimi-
