1856 2653
458 177 550 223 482
726 169 1419 217 OBSERVATIONES

607 282 688 326 Die
731 298 807 335 29.
847 286 958 328 Iunii
991 290 1090 329 circa
1123 287 1267 328 horam
1302 296 1490 341 quartam
1525 290 1714 342 pomeri-

454 350 613 392 dianam
666 359 803 391 motus
855 360 980 391 terrae
1027 365 1049 392 a
1096 353 1331 405 quibusdam
1381 351 1437 391 est
1469 351 1711 393 obtem-atus.

453 413 536 456 Sub
569 413 671 455 Solis
704 414 887 456 occasum
918 415 1078 456 coelum
1111 416 1306 457 atrocibus
1340 414 1544 466 tegebatur
1589 418 1707 459 nubi-

456 477 526 517 bus
550 507 561 526 ,
613 478 659 517 ad
701 479 875 518 mediam
911 492 1034 532 Vsque
1067 480 1226 520 nostem
1262 479 1417 520 tonabat
1450 487 1490 518 et
1523 479 1708 532 fulgura-

456 542 519 582 bat
543 572 553 590 ,
590 540 748 581 tandem
781 542 889 591 larga
924 544 1118 584 dec-debat
1154 543 1304 597 pluuia.

608 604 705 644 Non
754 605 925 646 obstante
974 607 1129 660 ingenti
1170 605 1311 647 caloris
1344 605 1470 657 gradu
1501 606 1539 646 d.
1577 611 1632 646 28
1668 614 1713 646 et

459 679 528 716 29·
562 667 674 708 Iunii
706 669 938 720 obseruato,
989 672 1031 712 in
1059 672 1246 712 omnibns
1281 671 1411 724 puteis
1432 699 1443 719 ,
1491 671 1561 723 qui
1595 670 1707 710 ordi·

456 733 564 772 narie
597 733 644 772 ad
678 734 991 784 profunditatem
1026 739 1055 774 6
1086 744 1155 774 aut
1191 746 1231 784 7.
1269 736 1517 787 perticarum
1575 732 1711 775 Ruffi-

451 807 593 835 carum
643 795 917 845 effodiuntur,
966 811 1035 850 per
1074 800 1275 850 integram
1316 799 1501 839 aestatem
1531 794 1705 848 glaciem

458 859 681 898 conieruari
702 889 713 908 ,
752 871 795 898 ac
830 859 1066 901 habitatores
1099 862 1241 911 frigida
1275 873 1324 900 ex
1361 862 1410 900 iis
1440 861 1575 901 hausta
1607 871 1709 914 aqua

456 933 553 962 cum
585 919 844 962 delectatione
879 921 991 963 sitim
1031 923 1327 977 restringuere,
1377 934 1417 963 et
1469 925 1575 964 vires
1624 926 1710 964 suas

456 984 622 1029 reficere,
651 984 920 1026 obseruabam.

610 1048 814 1089 Omnium
852 1050 1030 1089 maxima
1065 1049 1239 1089 altitudo
1271 1050 1489 1089 barometri
1515 1050 1592 1089 fuit
1608 1049 1642 1089 d.
1666 1058 1710 1097 7.

454 1109 561 1167 Sept.
601 1118 674 1152 28.
709 1124 781 1161 40.
814 1113 987 1152 minima
1019 1123 1118 1152 vero
1156 1123 1227 1162 27.
1256 1125 1330 1160 40.
1364 1117 1467 1166 Apr.
1501 1113 1540 1153 d.
1575 1126 1646 1162 24.
1667 1124 1714 1152 ac

454 1176 608 1217 limites
641 1176 921 1217 variationum
951 1176 1313 1218 barometncarum
1348 1189 1370 1217 a
1410 1188 1478 1216 me
1527 1176 1713 1219 obserua-

456 1253 553 1283 tum
587 1241 849 1284 continenturv
879 1241 989 1281 intra
1024 1253 1060 1281 1·
1095 1240 1176 1294 dig,
1211 1240 1345 1282 Lond..
1426 1239 1543 1285 Cum
1572 1241 1718 1282 Petro-
1753 1230 1758 1235 ¹

458 1302 543 1357 poli
580 1305 755 1349 minima¹
783 1304 956 1350 altitudo
986 1303 1210 1345 barometri'
1237 1303 1443 1346 obseruata
1473 1304 1521 1344 fit
1543 1308 1614 1346 26.
1636 1316 1716 1354 4¹-

458 1364 558 1421 poll.
594 1365 716 1406 mens.
749 1364 966 1405 Parifi‘seu
1020 1370 1092 1405 28.
1133 1378 1205 1404 10.
1257 1366 1339 1415 dig.
1390 1367 1517 1422 Lo—nd.
1571 1376 1714 1420 patet,

459 1429 720 1469 altitudinem
771 1425 964 1465 mercurii
1016 1425 1245 1464 maximam
1286 1427 1328 1463 in
1362 1429 1466 1467 vrbe
1489 1427 1712 1481 Selenginsk

459 1492 534 1532 vix
565 1492 756 1543 superare,
777 1490 1015 1530 ·minimam.
1047 1486 1254 1542 Petropoli
1283 1486 1544 1530 obseruatum.
1611 1491 1713 1532 Pro-

459 1569 510 1597 na
544 1554 641 1595 hinc
672 1555 725 1595 est
757 1551 959 1595 conclusio
979 1581 990 1602 ,
1039 1553 1183 1594 vrbem,
1213 1548 1436 1605 Selenginsk
1464 1553 1592 1604 magis
1626 1553 1711 1594 ele-

460 1628 598 1661 vatam
631 1617 705 1659 effe
737 1617 853 1671 supra
883 1613 1136 1670 superficiem
1170 1615 1293 1656 maris
1313 1645 1323 1665 ,
1356 1628 1482 1669 quam
1515 1617 1710 1673 Petropo-

461 1684 536 1724 lin.
620 1682 754 1723 Huius
803 1682 861 1722 rei
913 1677 1117 1722 luculenta
1147 1690 1305 1734 quoque
1340 1678 1575 1733 praebebants
1603 1680 1710 1722 mihi

462 1746 607 1788 indicia
639 1746 810 1786 vertices
843 1744 1051 1786 montium
1084 1756 1164 1786 non
1198 1743 1418 1785 admodum
1459 1745 1711 1786 excelsorum

464 1811 610 1853 vrbem
639 1809 860 1862 Selenginsk
892 1808 1141 1861 cingentium
1163 1837 1174 1859 ‚
1212 1820 1254 1848 ac
1286 1806 1407 1848 fluuii
1441 1807 1625 1863 Selengae
1658 1808 1715 1849 li-

466 1884 555 1923 tora
589 1872 896 1923 includentium.
965 1872 1027 1916 Vt
1055 1882 1204 1916 taceam
1237 1883 1381 1925 nempe
1416 1872 1464 1912 de
1496 1873 1584 1914 aliis
1615 1873 1711 1913 ann-i

465 1938 759 1993 tempestatibus
779 1968 790 1990 ‚
840 1937 971 1978 mense
1005 1937 1118 1980 Maio
1146 1944 1187 1978 et
1237 1936 1453 1988 Auguste,
1505 1937 1715 1982 interdum:

466 2006 589 2048 etiam
623 2002 745 2046 Iunio
764 2033 777 2056 ,
821 2002 924 2046 dum
958 2001 1000 2043 in
1031 2002 1125 2045 vrbe
1172 2000 1329 2059 plueret
1351 2033 1362 2055 ,
1413 2002 1455 2044 in
1506 2000 1718 2044 montibus.

1570 2074 1716 2106 muem
