<?xml version="1.0" encoding="UTF-8"?>
<!DOCTYPE html PUBLIC "-//W3C//DTD XHTML 1.0 Transitional//EN"
    "http://www.w3.org/TR/xhtml1/DTD/xhtml1-transitional.dtd">
<html xmlns="http://www.w3.org/1999/xhtml" xml:lang="en" lang="en">
 <head>
  <title>
</title>
<meta http-equiv="Content-Type" content="text/html;charset=utf-8" />
  <meta name='ocr-system' content='tesseract 3.04.00' />
  <meta name='ocr-capabilities' content='ocr_page ocr_carea ocr_par ocr_line ocrx_word'/>
</head>
<body>
  <div class='ocr_page' id='page_1' title='image "./novicommentariac11impe_0267.png"; bbox 0 0 1856 2653; ppageno 0'>
   <div class='ocr_carea' id='block_1_1' title="bbox 480 132 1347 192">
    <p class='ocr_par' dir='ltr' id='par_1_1' title="bbox 480 132 1347 192">
     <span class='ocr_line' id='line_1_1' title="bbox 480 132 1347 192; baseline -0.001 -8"><span class='ocrx_word' id='word_1_1' title='bbox 480 137 485 140; x_wconf 88' lang='lat'>·</span> <span class='ocrx_word' id='word_1_2' title='bbox 515 136 629 186; x_wconf 60' lang='lat'>5013</span> <span class='ocrx_word' id='word_1_3' title='bbox 662 132 676 190; x_wconf 69' lang='lat' dir='ltr'>i</span> <span class='ocrx_word' id='word_1_4' title='bbox 711 148 737 175; x_wconf 89' lang='lat'>0</span> <span class='ocrx_word' id='word_1_5' title='bbox 772 137 788 186; x_wconf 81' lang='grc'>&lt;</span> <span class='ocrx_word' id='word_1_6' title='bbox 822 136 937 186; x_wconf 52' lang='lat'>2423&lt;-</span> <span class='ocrx_word' id='word_1_7' title='bbox 1256 154 1347 192; x_wconf 60' lang='lat'>207</span> 
     </span>
    </p>
   </div>
   <div class='ocr_carea' id='block_1_2' title="bbox 158 239 1299 305">
    <p class='ocr_par' dir='ltr' id='par_1_2' title="bbox 158 239 1299 305">
     <span class='ocr_line' id='line_1_2' title="bbox 158 239 1299 305; baseline 0.005 -6"><span class='ocrx_word' id='word_1_8' title='bbox 158 239 1299 305; x_wconf 68' lang='lat' dir='ltr'>SVPPLEMENTVM.</span> 
     </span>
    </p>
   </div>
   <div class='ocr_carea' id='block_1_3' title="bbox 249 353 1194 468">
    <p class='ocr_par' dir='ltr' id='par_1_3' title="bbox 249 353 1194 468">
     <span class='ocr_line' id='line_1_3' title="bbox 249 353 1194 405; baseline 0.004 -4"><span class='ocrx_word' id='word_1_9' title='bbox 249 359 351 401; x_wconf 73' lang='lat' dir='ltr'>DE</span> <span class='ocrx_word' id='word_1_10' title='bbox 417 359 722 404; x_wconf 77' lang='lat' dir='ltr'>FIGVRA</span> <span class='ocrx_word' id='word_1_11' title='bbox 797 353 1194 405; x_wconf 75' lang='lat' dir='ltr'>DE‘NT1VM</span> 
     </span>
     <span class='ocr_line' id='line_1_4' title="bbox 507 424 922 468; baseline 0.005 -2"><span class='ocrx_word' id='word_1_12' title='bbox 507 424 922 468; x_wconf 69' lang='lat' dir='ltr'><strong>ROTARVM.</strong></span> 
     </span>
    </p>
   </div>
   <div class='ocr_carea' id='block_1_4' title="bbox 469 547 972 675">
    <p class='ocr_par' dir='ltr' id='par_1_4' title="bbox 469 547 972 675">
     <span class='ocr_line' id='line_1_5' title="bbox 576 547 858 588; baseline -0.004 -2"><span class='ocrx_word' id='word_1_13' title='bbox 576 547 858 588; x_wconf 77' lang='lat' dir='ltr'>Auctore</span> 
     </span>
     <span class='ocr_line' id='line_1_6' title="bbox 469 631 972 675; baseline -0.002 -2"><span class='ocrx_word' id='word_1_14' title='bbox 469 631 513 673; x_wconf 79' lang='lat' dir='ltr'>L.</span> <span class='ocrx_word' id='word_1_15' title='bbox 577 633 745 675; x_wconf 85' lang='lat' dir='ltr'>EVL</span> <span class='ocrx_word' id='word_1_16' title='bbox 780 633 816 674; x_wconf 83' lang='lat' dir='ltr'><em>E</em></span> <span class='ocrx_word' id='word_1_17' title='bbox 850 633 887 674; x_wconf 85' lang='lat' dir='ltr'>R</span> <span class='ocrx_word' id='word_1_18' title='bbox 922 634 972 675; x_wconf 91' lang='grc' dir='ltr'>Ο.</span> 
     </span>
    </p>
   </div>
   <div class='ocr_carea' id='block_1_5' title="bbox 698 768 736 803">
    <p class='ocr_par' dir='ltr' id='par_1_5' title="bbox 698 768 736 803">
     <span class='ocr_line' id='line_1_7' title="bbox 698 768 736 803; baseline 0.026 -1"><span class='ocrx_word' id='word_1_19' title='bbox 698 768 736 803; x_wconf 71' lang='lat'>1&#39;.</span> 
     </span>
    </p>
   </div>
   <div class='ocr_carea' id='block_1_6' title="bbox 232 847 1345 1032">
    <p class='ocr_par' dir='ltr' id='par_1_6' title="bbox 232 847 1345 1032">
     <span class='ocr_line' id='line_1_8' title="bbox 232 847 1345 906; baseline -0.001 -9"><span class='ocrx_word' id='word_1_20' title='bbox 232 847 330 898; x_wconf 68' lang='lat' dir='ltr'>⁵u&#39;ae</span> <span class='ocrx_word' id='word_1_21' title='bbox 360 855 400 896; x_wconf 89' lang='lat' dir='ltr'>in</span> <span class='ocrx_word' id='word_1_22' title='bbox 436 853 651 894; x_wconf 78' lang='lat' dir='ltr'>volumine</span> <span class='ocrx_word' id='word_1_23' title='bbox 684 860 829 906; x_wconf 81' lang='lat' dir='ltr'>quarto</span> <span class='ocrx_word' id='word_1_24' title='bbox 864 862 1071 894; x_wconf 83' lang='lat' dir='ltr'>nouorum</span> <span class='ocrx_word' id='word_1_25' title='bbox 1113 854 1345 898; x_wconf 39' lang='lat' dir='ltr'>commen-v</span> 
     </span>
     <span class='ocr_line' id='line_1_9' title="bbox 288 916 1340 971; baseline 0.001 -13"><span class='ocrx_word' id='word_1_26' title='bbox 288 920 488 959; x_wconf 84' lang='lat' dir='ltr'>tariorum</span> <span class='ocrx_word' id='word_1_27' title='bbox 524 918 759 957; x_wconf 77' lang='lat' dir='ltr'>Academiae</span> <span class='ocrx_word' id='word_1_28' title='bbox 793 916 1110 969; x_wconf 80' lang='lat' dir='ltr'>Petropolitauae</span> <span class='ocrx_word' id='word_1_29' title='bbox 1144 922 1192 961; x_wconf 89' lang='lat' dir='ltr'>de</span> <span class='ocrx_word' id='word_1_30' title='bbox 1209 920 1340 971; x_wconf 76' lang='lat' dir='ltr'>figura</span> 
     </span>
     <span class='ocr_line' id='line_1_10' title="bbox 285 981 1339 1032; baseline 0.001 -10"><span class='ocrx_word' id='word_1_31' title='bbox 285 983 469 1022; x_wconf 85' lang='lat' dir='ltr'>dentium</span> <span class='ocrx_word' id='word_1_32' title='bbox 503 990 684 1020; x_wconf 80' lang='lat' dir='ltr'>rotarum</span> <span class='ocrx_word' id='word_1_33' title='bbox 722 981 809 1020; x_wconf 82' lang='lat' dir='ltr'>sum</span> <span class='ocrx_word' id='word_1_34' title='bbox 845 991 1140 1021; x_wconf 83' lang='lat' dir='ltr'>commentatus</span> <span class='ocrx_word' id='word_1_35' title='bbox 1161 1013 1173 1032; x_wconf 80' lang='lat'>‚</span> <span class='ocrx_word' id='word_1_36' title='bbox 1204 983 1339 1023; x_wconf 82' lang='lat' dir='ltr'>calcu-</span> 
     </span>
    </p>
   </div>
   <div class='ocr_carea' id='block_1_7' title="bbox 82 1042 1337 1217">
    <p class='ocr_par' dir='ltr' id='par_1_7' title="bbox 82 1042 1337 1217">
     <span class='ocr_line' id='line_1_11' title="bbox 83 1042 1337 1099; baseline 0.002 -16"><span class='ocrx_word' id='word_1_37' title='bbox 83 1042 144 1084; x_wconf 77' lang='lat' dir='ltr'>ios</span> <span class='ocrx_word' id='word_1_38' title='bbox 194 1047 280 1086; x_wconf 85' lang='lat' dir='ltr'>satis</span> <span class='ocrx_word' id='word_1_39' title='bbox 332 1044 515 1098; x_wconf 84' lang='lat' dir='ltr'>prolixos</span> <span class='ocrx_word' id='word_1_40' title='bbox 563 1044 737 1096; x_wconf 76' lang='lat' dir='ltr'>icquenti</span> <span class='ocrx_word' id='word_1_41' title='bbox 797 1044 918 1083; x_wconf 90' lang='lat' dir='ltr'>modo</span> <span class='ocrx_word' id='word_1_42' title='bbox 948 1044 1132 1084; x_wconf 81' lang='lat' dir='ltr'>contrahi-</span> <span class='ocrx_word' id='word_1_43' title='bbox 1166 1046 1337 1099; x_wconf 78' lang='lat' dir='ltr'>indeque</span> 
     </span>
     <span class='ocr_line' id='line_1_12' title="bbox 83 1107 1335 1160; baseline -0.002 -13"><span class='ocrx_word' id='word_1_44' title='bbox 83 1107 353 1149; x_wconf 73' lang='lat' dir='ltr'>conclusiones</span> <span class='ocrx_word' id='word_1_45' title='bbox 402 1108 449 1145; x_wconf 81' lang='lat' dir='ltr'>ad</span> <span class='ocrx_word' id='word_1_46' title='bbox 501 1108 642 1156; x_wconf 75' lang='lat' dir='ltr'>praxin</span> <span class='ocrx_word' id='word_1_47' title='bbox 687 1109 1010 1144; x_wconf 76' lang='lat' dir='ltr'>accommodatas</span> <span class='ocrx_word' id='word_1_48' title='bbox 1055 1108 1192 1146; x_wconf 83' lang='lat' dir='ltr'>deduci</span> <span class='ocrx_word' id='word_1_49' title='bbox 1229 1108 1335 1160; x_wconf 81' lang='lat' dir='ltr'>poffe</span> 
     </span>
     <span class='ocr_line' id='line_1_13' title="bbox 82 1164 1330 1217; baseline 0.001 -8"><span class='ocrx_word' id='word_1_50' title='bbox 82 1164 300 1210; x_wconf 79' lang='lat' dir='ltr'>obseruaui.</span> <span class='ocrx_word' id='word_1_51' title='bbox 364 1167 473 1208; x_wconf 90' lang='lat' dir='ltr'>Cum</span> <span class='ocrx_word' id='word_1_52' title='bbox 506 1168 632 1217; x_wconf 84' lang='lat' dir='ltr'>igitur</span> <span class='ocrx_word' id='word_1_53' title='bbox 667 1167 718 1205; x_wconf 78' lang='lat' dir='ltr'>ibi</span> <span class='ocrx_word' id='word_1_54' title='bbox 752 1166 996 1206; x_wconf 82' lang='lat' dir='ltr'>ostendissem</span> <span class='ocrx_word' id='word_1_55' title='bbox 1029 1167 1115 1207; x_wconf 83' lang='lat' dir='ltr'>fieri</span> <span class='ocrx_word' id='word_1_56' title='bbox 1161 1171 1330 1210; x_wconf 85' lang='lat' dir='ltr'>omnino</span> 
     </span>
    </p>
   </div>
   <div class='ocr_carea' id='block_1_8' title="bbox 78 1228 1332 1341">
    <p class='ocr_par' dir='ltr' id='par_1_8' title="bbox 78 1228 1332 1341">
     <span class='ocr_line' id='line_1_14' title="bbox 81 1228 1332 1286; baseline -0.002 -14"><span class='ocrx_word' id='word_1_57' title='bbox 81 1241 161 1272; x_wconf 80' lang='lat' dir='ltr'>non</span> <span class='ocrx_word' id='word_1_58' title='bbox 192 1231 297 1286; x_wconf 74' lang='lat' dir='ltr'>porise</span> <span class='ocrx_word' id='word_1_59' title='bbox 317 1263 328 1281; x_wconf 91' lang='lat'>,</span> <span class='ocrx_word' id='word_1_60' title='bbox 378 1241 424 1270; x_wconf 81' lang='lat' dir='ltr'>vt</span> <span class='ocrx_word' id='word_1_61' title='bbox 458 1231 500 1268; x_wconf 88' lang='lat' dir='ltr'>in</span> <span class='ocrx_word' id='word_1_62' title='bbox 534 1230 715 1268; x_wconf 89' lang='lat' dir='ltr'>dentium</span> <span class='ocrx_word' id='word_1_63' title='bbox 750 1228 1063 1279; x_wconf 81' lang='lat' dir='ltr'>apprehensione</span> <span class='ocrx_word' id='word_1_64' title='bbox 1096 1234 1232 1271; x_wconf 89' lang='lat' dir='ltr'>omnis</span> <span class='ocrx_word' id='word_1_65' title='bbox 1274 1234 1332 1272; x_wconf 68' lang='lat' dir='ltr'>afi-</span> 
     </span>
     <span class='ocr_line' id='line_1_15' title="bbox 78 1290 1329 1341; baseline -0.006 -6"><span class='ocrx_word' id='word_1_66' title='bbox 78 1296 217 1336; x_wconf 72' lang='lat' dir='ltr'>frietus</span> <span class='ocrx_word' id='word_1_67' title='bbox 250 1294 418 1334; x_wconf 85' lang='lat' dir='ltr'>tollatur</span> <span class='ocrx_word' id='word_1_68' title='bbox 439 1320 450 1339; x_wconf 88' lang='lat'>‚</span> <span class='ocrx_word' id='word_1_69' title='bbox 483 1291 525 1328; x_wconf 90' lang='lat' dir='ltr'>in</span> <span class='ocrx_word' id='word_1_70' title='bbox 562 1290 601 1328; x_wconf 94' lang='lat' dir='ltr'>id</span> <span class='ocrx_word' id='word_1_71' title='bbox 633 1290 711 1328; x_wconf 88' lang='lat' dir='ltr'>erit</span> <span class='ocrx_word' id='word_1_72' title='bbox 744 1290 1057 1330; x_wconf 88' lang='lat' dir='ltr'>incumbendum</span> <span class='ocrx_word' id='word_1_73' title='bbox 1078 1316 1096 1341; x_wconf 38' lang='grc' dir='ltr'>,ι</span> <span class='ocrx_word' id='word_1_74' title='bbox 1149 1302 1196 1333; x_wconf 89' lang='lat' dir='ltr'>vt</span> <span class='ocrx_word' id='word_1_75' title='bbox 1228 1294 1329 1336; x_wconf 80' lang='lat' dir='ltr'>dum</span> 
     </span>
    </p>
   </div>
   <div class='ocr_carea' id='block_1_9' title="bbox 62 1352 1329 1976">
    <p class='ocr_par' dir='ltr' id='par_1_9' title="bbox 62 1352 1329 1976">
     <span class='ocr_line' id='line_1_16' title="bbox 77 1352 1329 1404; baseline 0.001 -7"><span class='ocrx_word' id='word_1_76' title='bbox 77 1356 197 1397; x_wconf 75' lang='lat' dir='ltr'>altera</span> <span class='ocrx_word' id='word_1_77' title='bbox 229 1365 317 1397; x_wconf 87' lang='lat' dir='ltr'>rota</span> <span class='ocrx_word' id='word_1_78' title='bbox 351 1353 610 1394; x_wconf 77' lang='lat' dir='ltr'>vniformiter</span> <span class='ocrx_word' id='word_1_79' title='bbox 663 1352 986 1404; x_wconf 79' lang='lat' dir='ltr'>circumagitur,</span> <span class='ocrx_word' id='word_1_80' title='bbox 1036 1354 1153 1394; x_wconf 88' lang='lat' dir='ltr'>alteri</span> <span class='ocrx_word' id='word_1_81' title='bbox 1206 1356 1329 1398; x_wconf 74' lang='lat' dir='ltr'>simul</span> 
     </span>
     <span class='ocr_line' id='line_1_17' title="bbox 75 1416 1329 1467; baseline 0.001 -7"><span class='ocrx_word' id='word_1_82' title='bbox 75 1430 213 1460; x_wconf 86' lang='lat' dir='ltr'>motus</span> <span class='ocrx_word' id='word_1_83' title='bbox 245 1417 461 1460; x_wconf 83' lang='lat' dir='ltr'>vniformis</span> <span class='ocrx_word' id='word_1_84' title='bbox 496 1416 761 1467; x_wconf 84' lang='lat' dir='ltr'>imprimatur</span> <span class='ocrx_word' id='word_1_85' title='bbox 779 1423 793 1453; x_wconf 74' lang='grc' dir='ltr'>τ’</span> <span class='ocrx_word' id='word_1_86' title='bbox 844 1422 926 1467; x_wconf 85' lang='lat' dir='ltr'>quo</span> <span class='ocrx_word' id='word_1_87' title='bbox 959 1417 1086 1457; x_wconf 77' lang='lat' dir='ltr'>simul‘</span> <span class='ocrx_word' id='word_1_88' title='bbox 1114 1418 1189 1459; x_wconf 87' lang='lat' dir='ltr'>hoc</span> <span class='ocrx_word' id='word_1_89' title='bbox 1221 1421 1329 1462; x_wconf 87' lang='lat' dir='ltr'>obti-</span> 
     </span>
     <span class='ocr_line' id='line_1_18' title="bbox 73 1478 1326 1535; baseline 0.001 -11"><span class='ocrx_word' id='word_1_90' title='bbox 73 1493 195 1524; x_wconf 82' lang='lat' dir='ltr'>netur</span> <span class='ocrx_word' id='word_1_91' title='bbox 216 1514 227 1534; x_wconf 90' lang='lat'>‚</span> <span class='ocrx_word' id='word_1_92' title='bbox 277 1491 324 1522; x_wconf 80' lang='lat' dir='ltr'>vt</span> <span class='ocrx_word' id='word_1_93' title='bbox 357 1491 455 1533; x_wconf 76' lang='lat' dir='ltr'>quae</span> <span class='ocrx_word' id='word_1_94' title='bbox 489 1479 552 1519; x_wconf 83' lang='lat' dir='ltr'>v-is</span> <span class='ocrx_word' id='word_1_95' title='bbox 582 1479 628 1518; x_wconf 76' lang='lat' dir='ltr'>ad</span> <span class='ocrx_word' id='word_1_96' title='bbox 661 1478 830 1518; x_wconf 80' lang='lat' dir='ltr'>alteram</span> <span class='ocrx_word' id='word_1_97' title='bbox 864 1480 1071 1519; x_wconf 68' lang='lat' dir='ltr'>rotandum</span> <span class='ocrx_word' id='word_1_98' title='bbox 1122 1479 1326 1535; x_wconf 65' lang='lat' dir='ltr'>impendi*-</span> 
     </span>
     <span class='ocr_line' id='line_1_19' title="bbox 77 1540 1323 1596; baseline -0.001 -11"><span class='ocrx_word' id='word_1_99' title='bbox 77 1555 146 1585; x_wconf 92' lang='lat' dir='ltr'>tur</span> <span class='ocrx_word' id='word_1_100' title='bbox 168 1576 180 1596; x_wconf 90' lang='lat'>,</span> <span class='ocrx_word' id='word_1_101' title='bbox 231 1557 274 1584; x_wconf 85' lang='lat' dir='ltr'>ea</span> <span class='ocrx_word' id='word_1_102' title='bbox 327 1547 521 1596; x_wconf 81' lang='lat' dir='ltr'>perpetuo</span> <span class='ocrx_word' id='word_1_103' title='bbox 571 1540 730 1594; x_wconf 79' lang='lat' dir='ltr'>aequale</span> <span class='ocrx_word' id='word_1_104' title='bbox 780 1546 1039 1583; x_wconf 86' lang='lat' dir='ltr'>momentum</span> <span class='ocrx_word' id='word_1_105' title='bbox 1075 1543 1121 1583; x_wconf 68' lang='lat' dir='ltr'>:id</span> <span class='ocrx_word' id='word_1_106' title='bbox 1155 1548 1323 1589; x_wconf 80' lang='lat' dir='ltr'>alteram</span> 
     </span>
     <span class='ocr_line' id='line_1_20' title="bbox 75 1603 1323 1661; baseline -0.006 -12"><span class='ocrx_word' id='word_1_107' title='bbox 75 1607 421 1658; x_wconf 83' lang='lat' dir='ltr'>circumagendam</span> <span class='ocrx_word' id='word_1_108' title='bbox 443 1637 453 1656; x_wconf 87' lang='lat'>‚</span> <span class='ocrx_word' id='word_1_109' title='bbox 502 1612 693 1644; x_wconf 80' lang='lat' dir='ltr'>exerceat.</span> <span class='ocrx_word' id='word_1_110' title='bbox 779 1603 1022 1646; x_wconf 64' lang='lat' dir='ltr'>Cuiusmodi&gt;</span> <span class='ocrx_word' id='word_1_111' title='bbox 1050 1607 1179 1657; x_wconf 84' lang='lat' dir='ltr'>igitur</span> <span class='ocrx_word' id='word_1_112' title='bbox 1213 1609 1323 1661; x_wconf 57' lang='lat' dir='ltr'>figis..</span> 
     </span>
     <span class='ocr_line' id='line_1_21' title="bbox 74 1669 1321 1723; baseline 0 -12"><span class='ocrx_word' id='word_1_113' title='bbox 74 1683 162 1713; x_wconf 78' lang='lat' dir='ltr'>ram</span> <span class='ocrx_word' id='word_1_114' title='bbox 191 1671 369 1714; x_wconf 85' lang='lat' dir='ltr'>dentibus</span> <span class='ocrx_word' id='word_1_115' title='bbox 415 1669 624 1721; x_wconf 66' lang='lat' dir='ltr'>Vtriusque</span> <span class='ocrx_word' id='word_1_116' title='bbox 673 1677 783 1709; x_wconf 80' lang='lat' dir='ltr'>rotae</span> <span class='ocrx_word' id='word_1_117' title='bbox 834 1669 957 1708; x_wconf 73' lang='lat' dir='ltr'>tribui</span> <span class='ocrx_word' id='word_1_118' title='bbox 1007 1679 1223 1723; x_wconf 75' lang='lat' dir='ltr'>oporteat,</span> <span class='ocrx_word' id='word_1_119' title='bbox 1273 1683 1321 1716; x_wconf 75' lang='lat' dir='ltr'>vt</span> 
     </span>
     <span class='ocr_line' id='line_1_22' title="bbox 74 1732 1319 1786; baseline 0 -10"><span class='ocrx_word' id='word_1_120' title='bbox 74 1735 182 1776; x_wconf 88' lang='lat' dir='ltr'>hunc</span> <span class='ocrx_word' id='word_1_121' title='bbox 215 1735 379 1786; x_wconf 88' lang='lat' dir='ltr'>scopum</span> <span class='ocrx_word' id='word_1_122' title='bbox 412 1732 660 1773; x_wconf 88' lang='lat' dir='ltr'>obtineamus</span> <span class='ocrx_word' id='word_1_123' title='bbox 686 1764 697 1784; x_wconf 93' lang='lat'>‚</span> <span class='ocrx_word' id='word_1_124' title='bbox 745 1732 920 1784; x_wconf 82' lang='lat' dir='ltr'>sequenti</span> <span class='ocrx_word' id='word_1_125' title='bbox 956 1734 1080 1773; x_wconf 85' lang='lat' dir='ltr'>modo</span> <span class='ocrx_word' id='word_1_126' title='bbox 1114 1734 1201 1774; x_wconf 90' lang='lat' dir='ltr'>sum</span> <span class='ocrx_word' id='word_1_127' title='bbox 1253 1736 1319 1777; x_wconf 75' lang='lat' dir='ltr'>in-</span> 
     </span>
     <span class='ocr_line' id='line_1_23' title="bbox 73 1793 1317 1852; baseline -0.001 -12"><span class='ocrx_word' id='word_1_128' title='bbox 73 1801 340 1850; x_wconf 74' lang='lat' dir='ltr'>vestigaturus</span> <span class='ocrx_word' id='word_1_129' title='bbox 362 1827 374 1848; x_wconf 82' lang='lat'>,</span> <span class='ocrx_word' id='word_1_130' title='bbox 424 1804 465 1836; x_wconf 88' lang='lat' dir='ltr'>et</span> <span class='ocrx_word' id='word_1_131' title='bbox 503 1797 698 1849; x_wconf 85' lang='lat' dir='ltr'>quoniam</span> <span class='ocrx_word' id='word_1_132' title='bbox 728 1793 804 1836; x_wconf 92' lang='lat' dir='ltr'>hoc</span> <span class='ocrx_word' id='word_1_133' title='bbox 838 1795 1007 1836; x_wconf 73' lang='lat' dir='ltr'>infinit—is</span> <span class='ocrx_word' id='word_1_134' title='bbox 1039 1798 1168 1837; x_wconf 84' lang='lat' dir='ltr'>modis</span> <span class='ocrx_word' id='word_1_135' title='bbox 1201 1812 1317 1852; x_wconf 80' lang='lat' dir='ltr'>prae-</span> 
     </span>
     <span class='ocr_line' id='line_1_24' title="bbox 62 1859 1315 1916; baseline 0 -12"><span class='ocrx_word' id='word_1_136' title='bbox 62 1864 160 1914; x_wconf 56' lang='lat' dir='ltr'>,stari</span> <span class='ocrx_word' id='word_1_137' title='bbox 196 1863 343 1916; x_wconf 70' lang='lat' dir='ltr'>poterit</span> <span class='ocrx_word' id='word_1_138' title='bbox 363 1891 381 1910; x_wconf 86' lang='lat'>‚.</span> <span class='ocrx_word' id='word_1_139' title='bbox 406 1859 494 1899; x_wconf 84' lang='lat' dir='ltr'>inde</span> <span class='ocrx_word' id='word_1_140' title='bbox 525 1860 671 1913; x_wconf 82' lang='lat' dir='ltr'>quouis</span> <span class='ocrx_word' id='word_1_141' title='bbox 702 1861 787 1899; x_wconf 84' lang='lat' dir='ltr'>casu</span> <span class='ocrx_word' id='word_1_142' title='bbox 816 1870 911 1899; x_wconf 90' lang='lat' dir='ltr'>eum</span> <span class='ocrx_word' id='word_1_143' title='bbox 934 1890 944 1910; x_wconf 93' lang='lat'>,</span> <span class='ocrx_word' id='word_1_144' title='bbox 981 1860 1051 1913; x_wconf 89' lang='lat' dir='ltr'>qui</span> <span class='ocrx_word' id='word_1_145' title='bbox 1090 1861 1136 1900; x_wconf 86' lang='lat' dir='ltr'>ad</span> <span class='ocrx_word' id='word_1_146' title='bbox 1173 1864 1315 1913; x_wconf 78' lang='lat' dir='ltr'>praxin</span> 
     </span>
     <span class='ocr_line' id='line_1_25' title="bbox 72 1921 1227 1976; baseline 0 -11"><span class='ocrx_word' id='word_1_147' title='bbox 72 1926 250 1969; x_wconf 80' lang='lat' dir='ltr'>maxime</span> <span class='ocrx_word' id='word_1_148' title='bbox 281 1922 600 1965; x_wconf 82' lang='lat' dir='ltr'>accommodatus</span> <span class='ocrx_word' id='word_1_149' title='bbox 633 1923 832 1966; x_wconf 80' lang='lat' dir='ltr'>videbitur</span> <span class='ocrx_word' id='word_1_150' title='bbox 858 1954 870 1976; x_wconf 86' lang='lat'>‚</span> <span class='ocrx_word' id='word_1_151' title='bbox 903 1922 1048 1975; x_wconf 82' lang='lat' dir='ltr'>eligere</span> <span class='ocrx_word' id='word_1_152' title='bbox 1078 1921 1227 1965; x_wconf 87' lang='lat' dir='ltr'>licebit.</span> 
     </span>
    </p>
   </div>
   <div class='ocr_carea' id='block_1_10' title="bbox 1166 2017 1318 2061">
    <p class='ocr_par' dir='ltr' id='par_1_10' title="bbox 1166 2017 1318 2061">
     <span class='ocr_line' id='line_1_26' title="bbox 1166 2017 1318 2061; baseline 0.013 -3"><span class='ocrx_word' id='word_1_153' title='bbox 1166 2031 1203 2058; x_wconf 84' lang='lat'>2.</span> <span class='ocrx_word' id='word_1_154' title='bbox 1223 2017 1318 2061; x_wconf 68' lang='lat' dir='ltr'>Sine</span> 
     </span>
    </p>
   </div>
  </div>
 </body>
</html>
