1856 2653
461 178 550 217 540
758 163 1416 210 OBSERVATIO

451 280 659 332 depinxit,
694 292 788 320 eum
825 280 1054 334 praelertim
1090 281 1128 319 in
1163 283 1286 323 finem
1313 281 1498 334 adhibui,
1532 292 1578 324 vt
1598 292 1707 325 tem-

459 357 555 398 pore
587 345 871 385 obscurationis
908 345 1108 384 maximae
1139 349 1337 387 rationem
1372 345 1595 388 latitudinis
1615 360 1707 401 par-

459 410 511 448 tis
546 408 698 449 lucidae
733 412 780 449 ad
814 409 1061 448 diametrum
1098 410 1284 463 imagini-s
1318 410 1450 451 solaris
1472 443 1483 462 ‚
1517 423 1590 465 ope
1625 413 1708 451 cir-

455 474 536 513 cini
587 483 626 512 et
677 472 797 513 scalae
849 473 1115 524 geometricae
1145 504 1155 524 ‚
1206 475 1468 515 determinare
1515 475 1709 516 valerem.

456 537 641 579 Maxima
678 536 778 577 coeli
813 537 1000 577 serenitas
1023 568 1034 588 ,
1086 549 1156 590 per
1191 539 1325 592 plures
1357 539 1436 579 dies
1490 540 1678 580 continua
1699 569 1712 590 ,

456 601 774 642 obseruationem
807 602 964 654 optime
1000 602 1189 653 iuuabat3
1235 615 1334 655 quae
1368 604 1491 643 etiam
1524 601 1714 656 explora-

458 666 613 705 tionem
650 667 768 706 status
810 666 989 705 duorum
1027 664 1340 717 horologiorum
1375 666 1715 707 oscillatoriorum

458 728 635 781 respeftu
688 730 885 783 temporis
932 731 1018 769 veri
1041 760 1053 780 ‚
1110 742 1184 783 ope
1217 730 1484 770 altitudinum
1517 729 1620 771 Solis
1653 742 1718 770 re·

459 794 739 846 spondentium
761 825 773 847 ,
814 795 911 834 bene
944 793 1136 836 conceffit.
1212 793 1398 847 Contigit
1431 804 1569 836 autem
1601 795 1639 836 d.
1677 806 1696 832 1
1717 824 1729 834 .

461 855 602 911 April.

785 992 948 1039 tempore
980 997 1072 1025 vero

850 1056 867 1081 h

567 1062 723 1103 Initium
792 1076 879 1103 10.
917 1063 976 1102 6².
1017 1061 1114 1110 32²!
1146 1070 1236 1101 ante
1271 1062 1486 1103 meridiem

563 1146 674 1187 Finis
823 1159 860 1186 1.
921 1158 961 1195 5.
1017 1156 1077 1194 54
1109 1146 1194 1199 post
1227 1147 1453 1187 meridiem.

467 1273 516 1314 In
552 1273 823 1314 obscuratione
858 1274 1036 1314 maxima
1072 1275 1176 1315 ratio
1208 1273 1394 1315 diametri
1426 1273 1533 1316 Solis
1566 1275 1612 1316 ad
1663 1271 1725 1316 Ia-

471 1336 688 1375 titudinem
743 1336 865 1387 partis
897 1337 1052 1374 lucidae
1085 1337 1324 1387 deprehensa
1356 1338 1407 1375 est
1440 1341 1625 1385 :3642
1650 1349 1725 1387 57,

470 1411 523 1438 ex
571 1410 648 1450 qna
700 1399 895 1447 quantitas
945 1396 1100 1448 Eclipfis
1140 1398 1312 1445 emergit
1353 1412 1408 1437 :2
1431 1413 1500 1436 10.
1536 1400 1649 1449 digit.
1685 1407 1724 1441 8.

468 1461 570 1501 min.
609 1458 777 1512 ecliptic.
868 1457 986 1500 Circa
1037 1457 1352 1498 obscurationem
1406 1460 1630 1500 maximam
1683 1463 1726 1502 in

469 1522 658 1564 machina
713 1521 975 1576 helioscopica
1025 1520 1160 1563 sedulo
1209 1521 1400 1575 inquisiui
1432 1555 1443 1575 ‚
1505 1536 1552 1563 an
1602 1525 1728 1566 forsan

470 1588 597 1628 discus
630 1585 778 1627 Sol-aris
812 1595 1027 1639 augeretur
1048 1617 1059 1637 ,
1093 1598 1188 1627 cum
1222 1586 1421 1627 eiusmodi
1455 1599 1726 1639 augmentum

471 1653 515 1694 in
552 1649 704 1704 Eclipfi
737 1649 841 1693 Solis
873 1663 933 1691 an.
976 1656 1108 1699 1748.
1143 1651 1179 1691 d.
1219 1664 1291 1692 24.
1326 1650 1427 1691 Iulii
1470 1652 1727 1693 obseruatum

471 1718 581 1768 fu3t3
631 1714 685 1754 ast
737 1713 901 1755 nullum
954 1713 1077 1754 huius
1109 1715 1168 1754 rei
1203 1715 1419 1766 vestigium
1453 1715 1727 1770 deprehendi,

475 1780 673 1833 siquidem
725 1779 917 1820 diameter
972 1780 1162 1831 imaginis
1210 1777 1357 1821 Sol-aris
1389 1789 1487 1824 tunc
1521 1790 1630 1822 tanta
1661 1781 1738 1821 in«

477 1853 597 1887 venta
628 1843 714 1898 est,
744 1853 891 1899 quanta
919 1843 996 1887 fuit
1027 1853 1117 1887 ante
1149 1840 1324 1900 eclipsin.

1642 2067 1729 2112 AD
