1856 2653
494 216 585 265 356
684 208 1558 255 OBSERVATIONVM

489 327 551 370 vti
602 339 763 382 quoque
809 325 1032 368 differentia
1082 326 1273 368 omnium
1325 336 1506 366 maxima
1537 335 1750 379 permanet

494 403 595 442 115„

626 488 667 531 Si
703 490 947 531 differentiae
979 498 1020 530 et
1052 489 1291 531 variationes
1328 487 1472 530 caloris
1525 489 1748 531 menstruae

485 554 813 606 considerentur3
872 565 979 608 patet
1014 556 1214 594 maximas
1247 555 1356 596 fuisse
1391 552 1523 594 mense
1559 555 1750 596 Ianuario

484 628 524 658 et
580 619 827 669 Decembri,
879 620 954 661 illo
1007 629 1064 669 45
1119 619 1196 659 hoc
1247 632 1321 669 44.
1384 618 1576 659 minimas
1608 629 1748 659 autem

486 683 684 724 mensibus
735 685 920 735 Augusto
972 693 1012 724 et
1063 683 1229 724 Oetobri
1281 685 1321 723 in
1374 692 1548 735 vtroque
1599 682 1747 724 scilicet

485 758 627 796 330.
696 748 889 789 Cttcrum
923 747 991 788 has
1024 747 1165 788 caloris
1196 748 1436 788 variationes
1456 776 1467 796 ‚
1500 756 1651 786 certam
1686 747 1748 787 le-

484 823 577 864 gem
615 825 694 852 non
730 814 870 865 sequi,
923 822 970 852 vt
1002 813 1245 853 variationes
1278 811 1493 852 barometri
1518 843 1529 862 ‚
1581 824 1631 851 cx
1674 825 1747 851 an-

484 875 749 918 tecedentibus
784 876 1120 917 obieruationibus
1154 877 1234 914 iam
1268 876 1356 915 satis
1386 875 1546 927 intellig
1567 886 1635 916 tur
1683 875 1747 916 vti

481 940 703 980 differentia
740 951 811 993 per
844 939 950 980 diem
986 949 1295 991 nonnumquam
1332 940 1537 990 :00‚id
1557 939 1746 992 quodra-

480 1015 575 1044 men
610 1004 806 1045 rarissime
840 1004 1013 1053 accidit,
1065 1001 1115 1043 fic
1149 1002 1299 1057 fiaepius
1358 1012 1543 1055 tempore
1596 1003 1746 1043 aestatis

480 1079 603 1121 aeque
638 1080 679 1109 ac
714 1066 863 1107 hiemis
895 1081 939 1107 ea
970 1065 1137 1117 assurgit
1172 1069 1218 1107 ad
1256 1080 1312 1115 24
1349 1077 1389 1105 et
1422 1067 1600 1119 amplius
1626 1079 1743 1118 prae-

480 1132 600 1185 cipue
635 1132 683 1173 ab
712 1141 805 1171 ortu
842 1131 933 1171 solis
965 1130 1013 1167 ad
1043 1128 1086 1167 h.
1122 1140 1161 1167 2.
1202 1141 1241 1182 p.
1279 1140 1336 1168 m.
1369 1129 1525 1169 circiter
1554 1141 1637 1183 quo
1677 1131 1743 1171 in·

478 1192 653 1236 teruallo
675 1226 686 1248 ,
735 1193 875 1236 ceteris
936 1193 1095 1246 paribus
1129 1192 1292 1233 termini
1327 1190 1469 1232 caloris
1502 1193 1668 1234 minimi
1701 1202 1745 1236 et

476 1259 652 1300 maximi
687 1261 961 1298 continentur.
1049 1256 1256 1298 Minimus
1287 1258 1396 1297 enim
1433 1255 1543 1298 calor
1573 1258 1626 1299 est
1659 1259 1743 1299 cir⁴

477 1334 522 1362 ca
570 1330 713 1363 ortum
752 1320 874 1369 solis,
928 1318 1016 1359 inde
1047 1319 1184 1362 crescit
1217 1319 1262 1360 ad
1297 1319 1336 1359 h.
1378 1333 1412 1359 2.
1451 1334 1488 1373 p.
1526 1333 1584 1361 m.
1622 1323 1742 1364 circi-

474 1395 538 1427 ter
570 1385 635 1425 hic
667 1383 780 1434 loci,
812 1383 1031 1424 decrescere
1066 1383 1156 1424 dein
1192 1383 1335 1435 incipit
1370 1384 1416 1422 ad
1451 1393 1593 1425 ortum
1629 1386 1720 1427 solis

471 1450 503 1492 fi
535 1448 682 1490 scilicet
713 1447 864 1499 reliqua
897 1445 974 1486 fint
1006 1445 1117 1498 paria
1149 1454 1189 1484 et
1231 1447 1474 1499 tempestatis
1525 1450 1742 1502 mutatio-,

472 1525 544 1555 nes
577 1525 657 1554 non
691 1509 892 1551 eueniant,

621 1607 811 1651 Maxima
863 1604 1086 1649 differentia
1147 1605 1291 1649 diurna
1350 1602 1428 1646 hoc
1486 1617 1593 1650 anno
1658 1610 1738 1654 fuit

472 1687 602 1724 :24
634 1672 745 1715 Iunii
786 1685 856 1720 19.
890 1671 1001 1712 Nam
1038 1682 1155 1712 mane
1188 1670 1289 1712 circa
1323 1681 1464 1710 ortum
1501 1671 1590 1713 solis
1619 1673 1736 1716 ther-

472 1747 729 1780 mometrum
778 1735 1018 1777 monstrabat
1076 1740 1163 1783 138
1212 1743 1253 1774 et
1302 1732 1343 1774 h.
1384 1747 1423 1775 2.
1458 1748 1494 1789 p.
1532 1749 1588 1778 m.
1629 1751 1733 1791 114.

471 1803 668 1845 Ceterum
721 1812 791 1855 per
846 1803 882 1840 se
921 1797 1165 1852 intelligitur
1197 1798 1436 1840 differentias
1467 1798 1610 1842 caloris
1643 1816 1731 1846 ma-

471 1879 566 1921 gnas
600 1877 761 1921 quoque
795 1865 894 1905 oriri
930 1863 1068 1904 debere
1103 1865 1143 1904 in
1179 1864 1468 1905 mutationibus
1520 1870 1732 1920 tempesta-

470 1933 524 1973 tis
557 1931 724 1982 subitis,
773 1941 872 1983 quae
908 1927 972 1969 hic
1007 1928 1087 1969 loci
1122 1927 1228 1968 inter
1265 1941 1325 1979 24
1359 1927 1478 1970 horas
1512 1931 1599 1971 satis
1639 1934 1731 1975 sunt

468 1998 725 2049 frequentes,
789 2006 929 2047 easque
980 1992 1204 2045 generatim
1259 1995 1438 2034 maxime
1490 1992 1728 2048 inaequales.

470 2059 689 2103 Ordinarie
722 2057 964 2100 differentiae
997 2059 1163 2099 diurnae
1198 2055 1334 2098 hieme
1370 2057 1438 2099 hic
1471 2055 1550 2101 loci
1589 2061 1729 2101 secun·

1623 2126 1726 2167 dum
