<?xml version="1.0" encoding="UTF-8"?>
<!DOCTYPE html PUBLIC "-//W3C//DTD XHTML 1.0 Transitional//EN"
    "http://www.w3.org/TR/xhtml1/DTD/xhtml1-transitional.dtd">
<html xmlns="http://www.w3.org/1999/xhtml" xml:lang="en" lang="en">
 <head>
  <title>
</title>
<meta http-equiv="Content-Type" content="text/html;charset=utf-8" />
  <meta name='ocr-system' content='tesseract 3.04.00' />
  <meta name='ocr-capabilities' content='ocr_page ocr_carea ocr_par ocr_line ocrx_word'/>
</head>
<body>
  <div class='ocr_page' id='page_1' title='image "./novicommentariac11impe_0212.png"; bbox 0 0 1856 2653; ppageno 0'>
   <div class='ocr_carea' id='block_1_1' title="bbox 508 229 1348 289">
    <p class='ocr_par' dir='ltr' id='par_1_1' title="bbox 508 229 1348 289">
     <span class='ocr_line' id='line_1_1' title="bbox 508 229 1348 289; baseline -0.004 -2"><span class='ocrx_word' id='word_1_1' title='bbox 508 245 595 287; x_wconf 79' lang='lat'>152</span> <span class='ocrx_word' id='word_1_2' title='bbox 924 233 1040 286; x_wconf 61' lang='lat'>»8023</span> <span class='ocrx_word' id='word_1_3' title='bbox 1072 229 1086 289; x_wconf 97' lang='lat'>)</span> <span class='ocrx_word' id='word_1_4' title='bbox 1123 245 1148 274; x_wconf 93' lang='lat'><em>0</em></span> <span class='ocrx_word' id='word_1_5' title='bbox 1183 233 1199 285; x_wconf 94' lang='lat'>(</span> <span class='ocrx_word' id='word_1_6' title='bbox 1233 233 1348 286; x_wconf 54' lang='lat'>&amp;390⁴-</span> 
     </span>
    </p>
   </div>
   <div class='ocr_carea' id='block_1_2' title="bbox 676 346 1588 488">
    <p class='ocr_par' dir='ltr' id='par_1_2' title="bbox 676 346 1588 488">
     <span class='ocr_line' id='line_1_2' title="bbox 676 346 1588 488; baseline -0.003 0"><span class='ocrx_word' id='word_1_7' title='bbox 676 424 989 488; x_wconf 87' lang='lat' dir='ltr'><strong>MOTV</strong></span> <span class='ocrx_word' id='word_1_8' title='bbox 1055 346 1588 487; x_wconf 53' lang='lat' dir='ltr'>ggRPORIS</span> 
     </span>
    </p>
   </div>
   <div class='ocr_carea' id='block_1_3' title="bbox 512 544 1765 655">
    <p class='ocr_par' dir='ltr' id='par_1_3' title="bbox 512 544 1765 655">
     <span class='ocr_line' id='line_1_3' title="bbox 512 544 1765 591; baseline -0.003 0"><span class='ocrx_word' id='word_1_9' title='bbox 512 546 613 591; x_wconf 76' lang='lat' dir='ltr'>AD</span> <span class='ocrx_word' id='word_1_10' title='bbox 648 546 807 590; x_wconf 90' lang='lat' dir='ltr'>DVO</span> <span class='ocrx_word' id='word_1_11' title='bbox 848 544 1178 590; x_wconf 89' lang='lat' dir='ltr'><strong>CENTRA</strong></span> <span class='ocrx_word' id='word_1_12' title='bbox 1221 547 1527 591; x_wconf 87' lang='lat' dir='ltr'>VIRIVM</span> <span class='ocrx_word' id='word_1_13' title='bbox 1569 545 1765 590; x_wconf 85' lang='lat' dir='ltr'>FIXA</span> 
     </span>
     <span class='ocr_line' id='line_1_4' title="bbox 917 610 1352 655; baseline 0.005 -4"><span class='ocrx_word' id='word_1_14' title='bbox 917 610 1352 655; x_wconf 87' lang='lat' dir='ltr'>ATTRACTI.</span> 
     </span>
    </p>
   </div>
   <div class='ocr_carea' id='block_1_4' title="bbox 1001 742 1282 782">
    <p class='ocr_par' dir='ltr' id='par_1_4' title="bbox 1001 742 1282 782">
     <span class='ocr_line' id='line_1_5' title="bbox 1001 742 1282 782; baseline -0.007 0"><span class='ocrx_word' id='word_1_15' title='bbox 1001 742 1282 782; x_wconf 85' lang='lat' dir='ltr'>Auctore</span> 
     </span>
    </p>
   </div>
   <div class='ocr_carea' id='block_1_5' title="bbox 894 852 1398 897">
    <p class='ocr_par' dir='ltr' id='par_1_5' title="bbox 894 852 1398 897">
     <span class='ocr_line' id='line_1_6' title="bbox 894 852 1398 897; baseline -0.002 -3"><span class='ocrx_word' id='word_1_16' title='bbox 894 853 939 894; x_wconf 92' lang='lat' dir='ltr'>L.</span> <span class='ocrx_word' id='word_1_17' title='bbox 1003 852 1398 897; x_wconf 84' lang='lat' dir='ltr'><em>EVLERO.</em></span> 
     </span>
    </p>
   </div>
   <div class='ocr_carea' id='block_1_6' title="bbox 1125 994 1163 1022">
    <p class='ocr_par' dir='ltr' id='par_1_6' title="bbox 1125 994 1163 1022">
     <span class='ocr_line' id='line_1_7' title="bbox 1125 994 1163 1022; baseline 0.053 -2"><span class='ocrx_word' id='word_1_18' title='bbox 1125 994 1163 1022; x_wconf 87' lang='lat'>1.</span> 
     </span>
    </p>
   </div>
   <div class='ocr_carea' id='block_1_7' title="bbox 518 1055 1784 2197">
    <p class='ocr_par' dir='ltr' id='par_1_7' title="bbox 518 1055 1784 2146">
     <span class='ocr_line' id='line_1_8' title="bbox 518 1055 1773 1168; baseline -0.004 -60"><span class='ocrx_word' id='word_1_19' title='bbox 518 1055 871 1168; x_wconf 63' lang='lat' dir='ltr'>Quaestionem</span> <span class='ocrx_word' id='word_1_20' title='bbox 925 1063 992 1105; x_wconf 91' lang='lat' dir='ltr'>hic</span> <span class='ocrx_word' id='word_1_21' title='bbox 1043 1065 1211 1107; x_wconf 64' lang='lat' dir='ltr'>trae&#39;tare</span> <span class='ocrx_word' id='word_1_22' title='bbox 1259 1066 1469 1118; x_wconf 83' lang='lat' dir='ltr'>aggredior</span> <span class='ocrx_word' id='word_1_23' title='bbox 1497 1096 1509 1117; x_wconf 90' lang='lat'>‚</span> <span class='ocrx_word' id='word_1_24' title='bbox 1575 1076 1676 1119; x_wconf 83' lang='lat' dir='ltr'>quae</span> <span class='ocrx_word' id='word_1_25' title='bbox 1726 1063 1773 1105; x_wconf 86' lang='lat' dir='ltr'>ab</span> 
     </span>
     <span class='ocr_line' id='line_1_9' title="bbox 660 1129 1774 1181; baseline -0.003 -9"><span class='ocrx_word' id='word_1_26' title='bbox 660 1129 848 1172; x_wconf 89' lang='lat' dir='ltr'>omnibus</span> <span class='ocrx_word' id='word_1_27' title='bbox 873 1160 885 1180; x_wconf 90' lang='lat'>,</span> <span class='ocrx_word' id='word_1_28' title='bbox 933 1131 1005 1181; x_wconf 90' lang='lat' dir='ltr'>qui</span> <span class='ocrx_word' id='word_1_29' title='bbox 1056 1131 1186 1170; x_wconf 87' lang='lat' dir='ltr'>adhuc</span> <span class='ocrx_word' id='word_1_30' title='bbox 1237 1131 1278 1169; x_wconf 88' lang='lat' dir='ltr'>in</span> <span class='ocrx_word' id='word_1_31' title='bbox 1312 1129 1646 1170; x_wconf 78' lang='lat' dir='ltr'>determinatione</span> <span class='ocrx_word' id='word_1_32' title='bbox 1680 1141 1774 1169; x_wconf 92' lang='lat' dir='ltr'>mo-</span> 
     </span>
     <span class='ocr_line' id='line_1_10' title="bbox 520 1191 1774 1249; baseline -0.001 -16"><span class='ocrx_word' id='word_1_33' title='bbox 520 1202 644 1234; x_wconf 87' lang='lat' dir='ltr'>tuum</span> <span class='ocrx_word' id='word_1_34' title='bbox 675 1206 697 1234; x_wconf 90' lang='lat' dir='ltr'>a</span> <span class='ocrx_word' id='word_1_35' title='bbox 731 1191 1149 1249; x_wconf 15' lang='lat' dir='ltr'>viribusycentripetis</span> <span class='ocrx_word' id='word_1_36' title='bbox 1178 1192 1413 1244; x_wconf 86' lang='lat' dir='ltr'>genitorum</span> <span class='ocrx_word' id='word_1_37' title='bbox 1447 1204 1612 1246; x_wconf 83' lang='lat' dir='ltr'>operam</span> <span class='ocrx_word' id='word_1_38' title='bbox 1663 1194 1774 1233; x_wconf 86' lang='lat' dir='ltr'>suam</span> 
     </span>
     <span class='ocr_line' id='line_1_11' title="bbox 519 1256 1777 1310; baseline -0.002 -11"><span class='ocrx_word' id='word_1_39' title='bbox 519 1257 822 1299; x_wconf 85' lang='lat' dir='ltr'>consumserunt</span> <span class='ocrx_word' id='word_1_40' title='bbox 843 1287 854 1306; x_wconf 95' lang='lat'><strong>‚</strong></span> <span class='ocrx_word' id='word_1_41' title='bbox 906 1256 1049 1297; x_wconf 84' lang='lat' dir='ltr'>frustra</span> <span class='ocrx_word' id='word_1_42' title='bbox 1101 1264 1247 1296; x_wconf 81' lang='lat' dir='ltr'>tentata</span> <span class='ocrx_word' id='word_1_43' title='bbox 1291 1258 1524 1306; x_wconf 17' lang='lat' dir='ltr'>viresNadeo</span> <span class='ocrx_word' id='word_1_44' title='bbox 1557 1256 1777 1310; x_wconf 77' lang='lat' dir='ltr'>Analyseos</span> 
     </span>
     <span class='ocr_line' id='line_1_12' title="bbox 520 1318 1777 1374; baseline 0 -12"><span class='ocrx_word' id='word_1_45' title='bbox 520 1323 706 1374; x_wconf 85' lang='lat' dir='ltr'>superare</span> <span class='ocrx_word' id='word_1_46' title='bbox 739 1319 960 1360; x_wconf 80' lang='lat' dir='ltr'>videbatur.</span> <span class='ocrx_word' id='word_1_47' title='bbox 1042 1318 1285 1372; x_wconf 80' lang='lat' dir='ltr'>Quanquam</span> <span class='ocrx_word' id='word_1_48' title='bbox 1320 1322 1430 1358; x_wconf 86' lang='lat' dir='ltr'>enim</span> <span class='ocrx_word' id='word_1_49' title='bbox 1465 1322 1628 1362; x_wconf 89' lang='lat' dir='ltr'>summo</span> <span class='ocrx_word' id='word_1_50' title='bbox 1661 1321 1777 1363; x_wconf 86' lang='lat' dir='ltr'>Neu-</span> 
     </span>
     <span class='ocr_line' id='line_1_13' title="bbox 523 1383 1776 1436; baseline -0.001 -11"><span class='ocrx_word' id='word_1_51' title='bbox 523 1393 604 1427; x_wconf 78' lang='lat' dir='ltr'>tono</span> <span class='ocrx_word' id='word_1_52' title='bbox 637 1392 773 1425; x_wconf 89' lang='lat' dir='ltr'>motus</span> <span class='ocrx_word' id='word_1_53' title='bbox 806 1393 1025 1436; x_wconf 89' lang='lat' dir='ltr'>corporum</span> <span class='ocrx_word' id='word_1_54' title='bbox 1060 1386 1108 1425; x_wconf 80' lang='lat' dir='ltr'>ad</span> <span class='ocrx_word' id='word_1_55' title='bbox 1158 1383 1327 1422; x_wconf 88' lang='lat' dir='ltr'>vnicum</span> <span class='ocrx_word' id='word_1_56' title='bbox 1379 1383 1536 1422; x_wconf 83' lang='lat' dir='ltr'>virium</span> <span class='ocrx_word' id='word_1_57' title='bbox 1588 1394 1776 1426; x_wconf 87' lang='lat' dir='ltr'>centrum</span> 
     </span>
     <span class='ocr_line' id='line_1_14' title="bbox 523 1444 1778 1501; baseline -0.002 -11"><span class='ocrx_word' id='word_1_58' title='bbox 523 1447 793 1490; x_wconf 71' lang='lat' dir='ltr'>attrae&#39;torum</span> <span class='ocrx_word' id='word_1_59' title='bbox 823 1446 928 1487; x_wconf 71' lang='lat' dir='ltr'>felici</span> <span class='ocrx_word' id='word_1_60' title='bbox 958 1446 1123 1487; x_wconf 73' lang='lat' dir='ltr'>successu</span> <span class='ocrx_word' id='word_1_61' title='bbox 1157 1446 1211 1485; x_wconf 87' lang='lat' dir='ltr'>est</span> <span class='ocrx_word' id='word_1_62' title='bbox 1242 1444 1454 1495; x_wconf 87' lang='lat' dir='ltr'>definitus,</span> <span class='ocrx_word' id='word_1_63' title='bbox 1485 1447 1636 1500; x_wconf 88' lang='lat' dir='ltr'>quippe</span> <span class='ocrx_word' id='word_1_64' title='bbox 1652 1460 1778 1501; x_wconf 89' lang='lat' dir='ltr'>quem</span> 
     </span>
     <span class='ocr_line' id='line_1_15' title="bbox 523 1506 1778 1559; baseline -0.002 -4"><span class='ocrx_word' id='word_1_65' title='bbox 523 1513 568 1555; x_wconf 88' lang='lat' dir='ltr'>in</span> <span class='ocrx_word' id='word_1_66' title='bbox 601 1511 770 1553; x_wconf 66' lang='lat' dir='ltr'>sestione</span> <span class='ocrx_word' id='word_1_67' title='bbox 802 1510 939 1549; x_wconf 84' lang='lat' dir='ltr'>conica</span> <span class='ocrx_word' id='word_1_68' title='bbox 973 1506 1063 1546; x_wconf 90' lang='lat' dir='ltr'>fieri</span> <span class='ocrx_word' id='word_1_69' title='bbox 1094 1508 1384 1548; x_wconf 82' lang='lat' dir='ltr'>demonstrauit</span> <span class='ocrx_word' id='word_1_70' title='bbox 1405 1539 1417 1559; x_wconf 84' lang='lat'>,</span> <span class='ocrx_word' id='word_1_71' title='bbox 1465 1507 1495 1549; x_wconf 90' lang='lat' dir='ltr'>fi</span> <span class='ocrx_word' id='word_1_72' title='bbox 1530 1511 1592 1550; x_wconf 82' lang='lat' dir='ltr'>vis</span> <span class='ocrx_word' id='word_1_73' title='bbox 1626 1512 1778 1552; x_wconf 85' lang='lat' dir='ltr'>centri-</span> 
     </span>
     <span class='ocr_line' id='line_1_16' title="bbox 525 1570 1778 1632; baseline 0.001 -16"><span class='ocrx_word' id='word_1_74' title='bbox 525 1584 618 1632; x_wconf 80' lang='lat' dir='ltr'>peta</span> <span class='ocrx_word' id='word_1_75' title='bbox 651 1575 849 1616; x_wconf 83' lang='lat' dir='ltr'>rationem</span> <span class='ocrx_word' id='word_1_76' title='bbox 884 1570 1130 1625; x_wconf 83' lang='lat' dir='ltr'>duplicatam</span> <span class='ocrx_word' id='word_1_77' title='bbox 1166 1571 1366 1611; x_wconf 86' lang='lat' dir='ltr'>inuersam</span> <span class='ocrx_word' id='word_1_78' title='bbox 1403 1572 1681 1616; x_wconf 82' lang='lat' dir='ltr'>distantiarum</span> <span class='ocrx_word' id='word_1_79' title='bbox 1718 1576 1778 1617; x_wconf 82' lang='lat' dir='ltr'>se-</span> 
     </span>
     <span class='ocr_line' id='line_1_17' title="bbox 525 1634 1782 1695; baseline 0.002 -15"><span class='ocrx_word' id='word_1_80' title='bbox 525 1648 676 1695; x_wconf 85' lang='lat' dir='ltr'>quatur</span> <span class='ocrx_word' id='word_1_81' title='bbox 700 1669 712 1691; x_wconf 91' lang='lat'>‚</span> <span class='ocrx_word' id='word_1_82' title='bbox 761 1646 894 1677; x_wconf 79' lang='lat' dir='ltr'>tamen</span> <span class='ocrx_word' id='word_1_83' title='bbox 941 1635 1073 1677; x_wconf 84' lang='lat' dir='ltr'>statim</span> <span class='ocrx_word' id='word_1_84' title='bbox 1123 1645 1241 1690; x_wconf 85' lang='lat' dir='ltr'>atque</span> <span class='ocrx_word' id='word_1_85' title='bbox 1289 1634 1383 1676; x_wconf 77' lang='lat' dir='ltr'>haec</span> <span class='ocrx_word' id='word_1_86' title='bbox 1414 1638 1588 1691; x_wconf 80' lang='lat' dir='ltr'>quaestio</span> <span class='ocrx_word' id='word_1_87' title='bbox 1620 1640 1667 1680; x_wconf 82' lang='lat' dir='ltr'>ad</span> <span class='ocrx_word' id='word_1_88' title='bbox 1698 1640 1782 1682; x_wconf 91' lang='lat' dir='ltr'>duo</span> 
     </span>
     <span class='ocr_line' id='line_1_18' title="bbox 527 1698 1780 1758; baseline 0 -12"><span class='ocrx_word' id='word_1_89' title='bbox 527 1703 685 1746; x_wconf 80' lang='lat' dir='ltr'>virium</span> <span class='ocrx_word' id='word_1_90' title='bbox 720 1709 853 1741; x_wconf 85' lang='lat' dir='ltr'>centra</span> <span class='ocrx_word' id='word_1_91' title='bbox 886 1701 1150 1753; x_wconf 89' lang='lat' dir='ltr'>extenditur,</span> <span class='ocrx_word' id='word_1_92' title='bbox 1204 1698 1315 1740; x_wconf 84' lang='lat' dir='ltr'>nulla</span> <span class='ocrx_word' id='word_1_93' title='bbox 1349 1700 1416 1740; x_wconf 87' lang='lat' dir='ltr'>via</span> <span class='ocrx_word' id='word_1_94' title='bbox 1449 1711 1582 1755; x_wconf 87' lang='lat' dir='ltr'>patere</span> <span class='ocrx_word' id='word_1_95' title='bbox 1611 1703 1780 1758; x_wconf 18' lang='lat' dir='ltr'>estnvisa</span> 
     </span>
     <span class='ocr_line' id='line_1_19' title="bbox 526 1758 1781 1823; baseline -0.001 -13"><span class='ocrx_word' id='word_1_96' title='bbox 526 1768 574 1810; x_wconf 78' lang='lat' dir='ltr'>ad</span> <span class='ocrx_word' id='word_1_97' title='bbox 606 1766 848 1808; x_wconf 88' lang='lat' dir='ltr'>solutionem</span> <span class='ocrx_word' id='word_1_98' title='bbox 885 1765 1154 1820; x_wconf 86' lang='lat' dir='ltr'>perueniendi.</span> <span class='ocrx_word' id='word_1_99' title='bbox 1253 1764 1319 1805; x_wconf 92' lang='lat' dir='ltr'>Ad</span> <span class='ocrx_word' id='word_1_100' title='bbox 1371 1765 1565 1806; x_wconf 80' lang='lat' dir='ltr'>formulas</span> <span class='ocrx_word' id='word_1_101' title='bbox 1594 1758 1781 1823; x_wconf 34' lang='lat' dir='ltr'>‘quidem</span> 
     </span>
     <span class='ocr_line' id='line_1_20' title="bbox 530 1828 1780 1884; baseline 0.001 -12"><span class='ocrx_word' id='word_1_102' title='bbox 530 1830 747 1883; x_wconf 76' lang='lat' dir='ltr'>analyticas</span> <span class='ocrx_word' id='word_1_103' title='bbox 777 1831 951 1883; x_wconf 86' lang='lat' dir='ltr'>quaestio</span> <span class='ocrx_word' id='word_1_104' title='bbox 983 1828 1094 1870; x_wconf 85' lang='lat' dir='ltr'>facile</span> <span class='ocrx_word' id='word_1_105' title='bbox 1127 1828 1337 1870; x_wconf 86' lang='lat' dir='ltr'>deducitur</span> <span class='ocrx_word' id='word_1_106' title='bbox 1360 1860 1372 1881; x_wconf 87' lang='lat'>‚</span> <span class='ocrx_word' id='word_1_107' title='bbox 1404 1842 1505 1884; x_wconf 80' lang='lat' dir='ltr'>quae</span> <span class='ocrx_word' id='word_1_108' title='bbox 1535 1843 1631 1872; x_wconf 90' lang='lat' dir='ltr'>cum</span> <span class='ocrx_word' id='word_1_109' title='bbox 1663 1832 1780 1873; x_wconf 74' lang='lat' dir='ltr'>diffe-</span> 
     </span>
     <span class='ocr_line' id='line_1_21' title="bbox 530 1892 1780 1950; baseline 0.001 -15"><span class='ocrx_word' id='word_1_110' title='bbox 530 1894 714 1937; x_wconf 82' lang='lat' dir='ltr'>rentialia</span> <span class='ocrx_word' id='word_1_111' title='bbox 745 1894 903 1935; x_wconf 91' lang='lat' dir='ltr'>secundi</span> <span class='ocrx_word' id='word_1_112' title='bbox 936 1895 1082 1946; x_wconf 89' lang='lat' dir='ltr'>gradus</span> <span class='ocrx_word' id='word_1_113' title='bbox 1115 1892 1329 1934; x_wconf 80' lang='lat' dir='ltr'>inuoluant</span> <span class='ocrx_word' id='word_1_114' title='bbox 1351 1925 1362 1945; x_wconf 91' lang='lat'>‚</span> <span class='ocrx_word' id='word_1_115' title='bbox 1396 1895 1536 1948; x_wconf 87' lang='lat' dir='ltr'>primo</span> <span class='ocrx_word' id='word_1_116' title='bbox 1568 1896 1780 1950; x_wconf 77' lang='lat' dir='ltr'>per-inte-</span> 
     </span>
     <span class='ocr_line' id='line_1_22' title="bbox 530 1956 1780 2016; baseline 0.002 -17"><span class='ocrx_word' id='word_1_117' title='bbox 530 1959 761 2015; x_wconf 85' lang='lat' dir='ltr'>grationem</span> <span class='ocrx_word' id='word_1_118' title='bbox 792 1958 841 1999; x_wconf 84' lang='lat' dir='ltr'>ad</span> <span class='ocrx_word' id='word_1_119' title='bbox 873 1956 1148 2016; x_wconf 83' lang='lat' dir='ltr'>differentialia</span> <span class='ocrx_word' id='word_1_120' title='bbox 1181 1959 1308 2011; x_wconf 89' lang='lat' dir='ltr'>primi</span> <span class='ocrx_word' id='word_1_121' title='bbox 1356 1960 1501 2010; x_wconf 84' lang='lat' dir='ltr'>gradus</span> <span class='ocrx_word' id='word_1_122' title='bbox 1548 1960 1604 2000; x_wconf 88' lang='lat' dir='ltr'>est</span> <span class='ocrx_word' id='word_1_123' title='bbox 1653 1960 1780 2002; x_wconf 80' lang='lat' dir='ltr'>ascen-</span> 
     </span>
     <span class='ocr_line' id='line_1_23' title="bbox 531 2021 1784 2075; baseline -0.001 -7"><span class='ocrx_word' id='word_1_124' title='bbox 531 2024 709 2068; x_wconf 86' lang='lat' dir='ltr'>dendum</span> <span class='ocrx_word' id='word_1_125' title='bbox 730 2053 742 2074; x_wconf 92' lang='lat'>,</span> <span class='ocrx_word' id='word_1_126' title='bbox 782 2023 889 2075; x_wconf 93' lang='lat' dir='ltr'>quod</span> <span class='ocrx_word' id='word_1_127' title='bbox 924 2023 1133 2075; x_wconf 85' lang='lat' dir='ltr'>negotium</span> <span class='ocrx_word' id='word_1_128' title='bbox 1163 2022 1247 2064; x_wconf 80' lang='lat' dir='ltr'>iam</span> <span class='ocrx_word' id='word_1_129' title='bbox 1280 2021 1498 2075; x_wconf 78' lang='lat' dir='ltr'>insignibus</span> <span class='ocrx_word' id='word_1_130' title='bbox 1526 2023 1784 2067; x_wconf 87' lang='lat' dir='ltr'>difficultati-</span> 
     </span>
     <span class='ocr_line' id='line_1_24' title="bbox 531 2085 1783 2146; baseline -0.002 -16"><span class='ocrx_word' id='word_1_131' title='bbox 531 2087 607 2130; x_wconf 83' lang='lat' dir='ltr'>bus</span> <span class='ocrx_word' id='word_1_132' title='bbox 646 2085 917 2146; x_wconf 58' lang='lat' dir='ltr'>implicatum</span> <span class='ocrx_word' id='word_1_133' title='bbox 970 2097 1087 2144; x_wconf 80' lang='lat' dir='ltr'>atque</span> <span class='ocrx_word' id='word_1_134' title='bbox 1135 2085 1199 2130; x_wconf 82' lang='lat' dir='ltr'>his</span> <span class='ocrx_word' id='word_1_135' title='bbox 1245 2088 1370 2130; x_wconf 84' lang='lat' dir='ltr'>etiam</span> <span class='ocrx_word' id='word_1_136' title='bbox 1418 2088 1610 2146; x_wconf 83' lang='lat' dir='ltr'>superatis</span> <span class='ocrx_word' id='word_1_137' title='bbox 1630 2119 1642 2141; x_wconf 93' lang='lat'>,</span> <span class='ocrx_word' id='word_1_138' title='bbox 1691 2097 1783 2141; x_wconf 82' lang='lat' dir='ltr'>tum</span> 
     </span>
    </p>

    <p class='ocr_par' dir='ltr' id='par_1_8' title="bbox 1610 2153 1777 2197">
     <span class='ocr_line' id='line_1_25' title="bbox 1610 2153 1777 2197; baseline -0.012 0"><span class='ocrx_word' id='word_1_139' title='bbox 1610 2153 1777 2197; x_wconf 89' lang='lat' dir='ltr'>demum</span> 
     </span>
    </p>
   </div>
  </div>
 </body>
</html>
