<?xml version="1.0" encoding="UTF-8"?>
<!DOCTYPE html PUBLIC "-//W3C//DTD XHTML 1.0 Transitional//EN"
    "http://www.w3.org/TR/xhtml1/DTD/xhtml1-transitional.dtd">
<html xmlns="http://www.w3.org/1999/xhtml" xml:lang="en" lang="en">
 <head>
  <title>
</title>
<meta http-equiv="Content-Type" content="text/html;charset=utf-8" />
  <meta name='ocr-system' content='tesseract 3.04.00' />
  <meta name='ocr-capabilities' content='ocr_page ocr_carea ocr_par ocr_line ocrx_word'/>
</head>
<body>
  <div class='ocr_page' id='page_1' title='image "./novicommentariac11impe_0429.png"; bbox 0 0 1856 2653; ppageno 0'>
   <div class='ocr_carea' id='block_1_1' title="bbox 311 195 1381 258">
    <p class='ocr_par' dir='ltr' id='par_1_1' title="bbox 311 195 1381 258">
     <span class='ocr_line' id='line_1_1' title="bbox 311 195 1381 258; baseline 0.005 -16"><span class='ocrx_word' id='word_1_1' title='bbox 311 195 949 243; x_wconf 84' lang='lat' dir='ltr'>METEOROLOGICARVM</span> <span class='ocrx_word' id='word_1_2' title='bbox 988 201 1041 242; x_wconf 87' lang='grc' dir='ltr'>Α.</span> <span class='ocrx_word' id='word_1_3' title='bbox 1081 208 1210 253; x_wconf 79' lang='lat'>1761.</span> <span class='ocrx_word' id='word_1_4' title='bbox 1296 213 1354 255; x_wconf 84' lang='grc'>36</span> <span class='ocrx_word' id='word_1_5' title='bbox 1361 221 1381 258; x_wconf 76' lang='lat'><strong><em>3</em></strong></span> 
     </span>
    </p>
   </div>
   <div class='ocr_carea' id='block_1_2' title="bbox 131 312 1389 498">
    <p class='ocr_par' dir='ltr' id='par_1_2' title="bbox 131 312 1389 498">
     <span class='ocr_line' id='line_1_2' title="bbox 286 312 1386 368; baseline 0.004 -13"><span class='ocrx_word' id='word_1_6' title='bbox 286 313 516 356; x_wconf 80' lang='lat' dir='ltr'>December.</span> <span class='ocrx_word' id='word_1_7' title='bbox 584 313 709 354; x_wconf 85' lang='lat' dir='ltr'>Venti</span> <span class='ocrx_word' id='word_1_8' title='bbox 745 312 966 354; x_wconf 82' lang='lat' dir='ltr'>admodum</span> <span class='ocrx_word' id='word_1_9' title='bbox 1005 314 1210 356; x_wconf 82' lang='lat' dir='ltr'>variabiles</span> <span class='ocrx_word' id='word_1_10' title='bbox 1231 347 1242 368; x_wconf 92' lang='lat'>,</span> <span class='ocrx_word' id='word_1_11' title='bbox 1288 319 1386 360; x_wconf 87' lang='lat' dir='ltr'>inter</span> 
     </span>
     <span class='ocr_line' id='line_1_3' title="bbox 133 377 1389 433; baseline 0.002 -14"><span class='ocrx_word' id='word_1_12' title='bbox 133 391 235 433; x_wconf 75' lang='lat' dir='ltr'>quos</span> <span class='ocrx_word' id='word_1_13' title='bbox 269 379 305 420; x_wconf 90' lang='lat' dir='ltr'>d.</span> <span class='ocrx_word' id='word_1_14' title='bbox 345 391 413 427; x_wconf 83' lang='lat'>25.</span> <span class='ocrx_word' id='word_1_15' title='bbox 447 378 550 420; x_wconf 91' lang='lat' dir='ltr'>solus</span> <span class='ocrx_word' id='word_1_16' title='bbox 580 388 665 418; x_wconf 79' lang='lat' dir='ltr'>erat</span> <span class='ocrx_word' id='word_1_17' title='bbox 698 377 983 419; x_wconf 82' lang='lat' dir='ltr'>vehementior</span> <span class='ocrx_word' id='word_1_18' title='bbox 1015 380 1075 429; x_wconf 78' lang='lat'>83</span> <span class='ocrx_word' id='word_1_19' title='bbox 1133 380 1266 420; x_wconf 83' lang='lat' dir='ltr'>breuis</span> <span class='ocrx_word' id='word_1_20' title='bbox 1314 383 1389 421; x_wconf 86' lang='lat' dir='ltr'>du·</span> 
     </span>
     <span class='ocr_line' id='line_1_4' title="bbox 131 443 1283 498; baseline 0 -13"><span class='ocrx_word' id='word_1_21' title='bbox 131 444 331 494; x_wconf 78' lang='lat' dir='ltr'>rationis,</span> <span class='ocrx_word' id='word_1_22' title='bbox 365 456 443 485; x_wconf 92' lang='lat' dir='ltr'>non</span> <span class='ocrx_word' id='word_1_23' title='bbox 478 443 750 497; x_wconf 84' lang='lat' dir='ltr'>infrequenter</span> <span class='ocrx_word' id='word_1_24' title='bbox 780 455 941 498; x_wconf 87' lang='lat' dir='ltr'>quoque</span> <span class='ocrx_word' id='word_1_25' title='bbox 976 455 1121 486; x_wconf 83' lang='lat' dir='ltr'>ventus</span> <span class='ocrx_word' id='word_1_26' title='bbox 1155 444 1283 486; x_wconf 60' lang='lat' dir='ltr'>silens„</span> 
     </span>
    </p>
   </div>
   <div class='ocr_carea' id='block_1_3' title="bbox 129 522 1392 795">
    <p class='ocr_par' dir='ltr' id='par_1_3' title="bbox 129 522 1392 641">
     <span class='ocr_line' id='line_1_5' title="bbox 283 522 1392 574; baseline 0.001 -9"><span class='ocrx_word' id='word_1_27' title='bbox 283 522 382 565; x_wconf 86' lang='lat' dir='ltr'>Dies</span> <span class='ocrx_word' id='word_1_28' title='bbox 430 524 553 564; x_wconf 84' lang='lat' dir='ltr'>sereni</span> <span class='ocrx_word' id='word_1_29' title='bbox 606 533 648 573; x_wconf 90' lang='lat'>7.</span> <span class='ocrx_word' id='word_1_30' title='bbox 689 523 729 564; x_wconf 89' lang='lat' dir='ltr'>d.</span> <span class='ocrx_word' id='word_1_31' title='bbox 777 534 813 562; x_wconf 85' lang='lat'>1.</span> <span class='ocrx_word' id='word_1_32' title='bbox 862 536 903 564; x_wconf 83' lang='lat'>2.</span> <span class='ocrx_word' id='word_1_33' title='bbox 942 535 981 573; x_wconf 83' lang='grc'>3.</span> <span class='ocrx_word' id='word_1_34' title='bbox 1020 536 1062 574; x_wconf 78' lang='lat'>4.</span> <span class='ocrx_word' id='word_1_35' title='bbox 1104 536 1174 565; x_wconf 73' lang='lat'>10·</span> <span class='ocrx_word' id='word_1_36' title='bbox 1207 535 1278 565; x_wconf 89' lang='lat'>20.</span> <span class='ocrx_word' id='word_1_37' title='bbox 1319 535 1392 567; x_wconf 82' lang='lat'>21.</span> 
     </span>
     <span class='ocr_line' id='line_1_6' title="bbox 129 584 576 641; baseline 0.002 -15"><span class='ocrx_word' id='word_1_38' title='bbox 129 584 303 641; x_wconf 86' lang='lat' dir='ltr'>plurimi</span> <span class='ocrx_word' id='word_1_39' title='bbox 339 589 576 640; x_wconf 85' lang='lat' dir='ltr'>frigidiores.</span> 
     </span>
    </p>

    <p class='ocr_par' dir='ltr' id='par_1_4' title="bbox 266 663 1074 720">
     <span class='ocr_line' id='line_1_7' title="bbox 266 663 1074 720; baseline 0 -14"><span class='ocrx_word' id='word_1_40' title='bbox 266 664 458 706; x_wconf 86' lang='lat' dir='ltr'>Altitudo</span> <span class='ocrx_word' id='word_1_41' title='bbox 492 675 613 719; x_wconf 82' lang='lat' dir='ltr'>aquae</span> <span class='ocrx_word' id='word_1_42' title='bbox 646 679 701 706; x_wconf 73' lang='lat' dir='ltr'>:z</span> <span class='ocrx_word' id='word_1_43' title='bbox 723 678 746 705; x_wconf 89' lang='lat'>2</span> <span class='ocrx_word' id='word_1_44' title='bbox 786 663 886 720; x_wconf 88' lang='lat' dir='ltr'>poll.</span> <span class='ocrx_word' id='word_1_45' title='bbox 928 674 966 714; x_wconf 84' lang='lat'>5.</span> <span class='ocrx_word' id='word_1_46' title='bbox 1003 664 1074 707; x_wconf 83' lang='lat' dir='ltr'>lin.</span> 
     </span>
    </p>

    <p class='ocr_par' dir='ltr' id='par_1_5' title="bbox 279 743 999 795">
     <span class='ocr_line' id='line_1_8' title="bbox 279 743 999 795; baseline 0 -9"><span class='ocrx_word' id='word_1_47' title='bbox 279 743 440 786; x_wconf 86' lang='lat' dir='ltr'>Nebula</span> <span class='ocrx_word' id='word_1_48' title='bbox 473 746 509 786; x_wconf 91' lang='lat' dir='ltr'>d.</span> <span class='ocrx_word' id='word_1_49' title='bbox 551 758 620 786; x_wconf 85' lang='lat'>10.</span> <span class='ocrx_word' id='word_1_50' title='bbox 659 757 729 785; x_wconf 83' lang='lat'>11.</span> <span class='ocrx_word' id='word_1_51' title='bbox 771 756 841 795; x_wconf 85' lang='lat'>17.</span> <span class='ocrx_word' id='word_1_52' title='bbox 878 757 911 789; x_wconf 81' lang='lat' dir='ltr'>a.</span> <span class='ocrx_word' id='word_1_53' title='bbox 945 758 999 787; x_wconf 81' lang='lat' dir='ltr'>m.</span> 
     </span>
    </p>
   </div>
   <div class='ocr_carea' id='block_1_4' title="bbox 124 822 1404 1012">
    <p class='ocr_par' dir='ltr' id='par_1_6' title="bbox 124 822 1404 1012">
     <span class='ocr_line' id='line_1_9' title="bbox 275 822 1399 872; baseline -0.001 -1"><span class='ocrx_word' id='word_1_54' title='bbox 275 829 392 872; x_wconf 84' lang='lat' dir='ltr'>Duae</span> <span class='ocrx_word' id='word_1_55' title='bbox 422 843 589 872; x_wconf 82' lang='lat' dir='ltr'>aurorae</span> <span class='ocrx_word' id='word_1_56' title='bbox 623 831 796 870; x_wconf 87' lang='lat' dir='ltr'>boreales</span> <span class='ocrx_word' id='word_1_57' title='bbox 829 822 884 868; x_wconf 64' lang='lat' dir='ltr'>et⁴</span> <span class='ocrx_word' id='word_1_58' title='bbox 908 828 985 870; x_wconf 90' lang='lat' dir='ltr'>hoc</span> <span class='ocrx_word' id='word_1_59' title='bbox 1013 827 1144 870; x_wconf 86' lang='lat' dir='ltr'>mense</span> <span class='ocrx_word' id='word_1_60' title='bbox 1182 826 1287 869; x_wconf 81' lang='lat' dir='ltr'>mihi</span> <span class='ocrx_word' id='word_1_61' title='bbox 1308 828 1399 870; x_wconf 84' lang='lat' dir='ltr'>sunt</span> 
     </span>
     <span class='ocr_line' id='line_1_10' title="bbox 124 891 1404 947; baseline -0.002 -11"><span class='ocrx_word' id='word_1_62' title='bbox 124 892 383 947; x_wconf 82' lang='lat' dir='ltr'>obseruatae,</span> <span class='ocrx_word' id='word_1_63' title='bbox 417 895 541 936; x_wconf 84' lang='lat' dir='ltr'>altera</span> <span class='ocrx_word' id='word_1_64' title='bbox 575 894 612 934; x_wconf 92' lang='lat' dir='ltr'>d.</span> <span class='ocrx_word' id='word_1_65' title='bbox 650 905 719 933; x_wconf 92' lang='lat'>10.</span> <span class='ocrx_word' id='word_1_66' title='bbox 756 894 795 933; x_wconf 90' lang='lat' dir='ltr'>d.</span> <span class='ocrx_word' id='word_1_67' title='bbox 832 905 905 934; x_wconf 84' lang='lat'>21.</span> <span class='ocrx_word' id='word_1_68' title='bbox 969 891 1104 934; x_wconf 82' lang='lat' dir='ltr'>altera.</span> <span class='ocrx_word' id='word_1_69' title='bbox 1188 892 1265 934; x_wconf 87' lang='lat' dir='ltr'>llla</span> <span class='ocrx_word' id='word_1_70' title='bbox 1315 902 1404 934; x_wconf 77' lang='lat' dir='ltr'>erat</span> 
     </span>
     <span class='ocr_line' id='line_1_11' title="bbox 126 957 914 1012; baseline -0.001 -13"><span class='ocrx_word' id='word_1_71' title='bbox 126 959 296 1012; x_wconf 56' lang='lat' dir='ltr'>perfecta</span> <span class='ocrx_word' id='word_1_72' title='bbox 318 990 329 1011; x_wconf 90' lang='lat'>‚</span> <span class='ocrx_word' id='word_1_73' title='bbox 362 958 456 1000; x_wconf 85' lang='lat' dir='ltr'>haec</span> <span class='ocrx_word' id='word_1_74' title='bbox 491 967 630 1000; x_wconf 85' lang='lat' dir='ltr'>autem</span> <span class='ocrx_word' id='word_1_75' title='bbox 667 957 914 1012; x_wconf 70' lang='lat' dir='ltr'>imperfecta.</span> 
     </span>
    </p>
   </div>
   <div class='ocr_carea' id='block_1_5' title="bbox 122 1039 1394 1345">
    <p class='ocr_par' dir='ltr' id='par_1_7' title="bbox 122 1039 1394 1345">
     <span class='ocr_line' id='line_1_12' title="bbox 275 1039 1390 1095; baseline 0 -12"><span class='ocrx_word' id='word_1_76' title='bbox 275 1042 390 1093; x_wconf 88' lang='lat' dir='ltr'>Ergo</span> <span class='ocrx_word' id='word_1_77' title='bbox 413 1073 424 1093; x_wconf 92' lang='lat'>,</span> <span class='ocrx_word' id='word_1_78' title='bbox 456 1051 505 1083; x_wconf 81' lang='lat' dir='ltr'>vt</span> <span class='ocrx_word' id='word_1_79' title='bbox 538 1054 591 1082; x_wconf 83' lang='lat' dir='ltr'>ex</span> <span class='ocrx_word' id='word_1_80' title='bbox 625 1041 818 1081; x_wconf 58' lang='lat' dir='ltr'>haerentis</span> <span class='ocrx_word' id='word_1_81' title='bbox 850 1039 967 1081; x_wconf 67' lang='lat' dir='ltr'>distis</span> <span class='ocrx_word' id='word_1_82' title='bbox 1000 1047 1111 1095; x_wconf 81' lang='lat' dir='ltr'>patet</span> <span class='ocrx_word' id='word_1_83' title='bbox 1145 1053 1217 1094; x_wconf 80' lang='lat' dir='ltr'>per</span> <span class='ocrx_word' id='word_1_84' title='bbox 1253 1049 1390 1083; x_wconf 87' lang='lat' dir='ltr'>totum</span> 
     </span>
     <span class='ocr_line' id='line_1_13' title="bbox 123 1103 1394 1154; baseline 0.002 -10"><span class='ocrx_word' id='word_1_85' title='bbox 123 1114 276 1145; x_wconf 79' lang='lat' dir='ltr'>annum</span> <span class='ocrx_word' id='word_1_86' title='bbox 312 1107 425 1144; x_wconf 84' lang='lat' dir='ltr'>venti</span> <span class='ocrx_word' id='word_1_87' title='bbox 460 1103 783 1144; x_wconf 78' lang='lat' dir='ltr'>vehementiores</span> <span class='ocrx_word' id='word_1_88' title='bbox 818 1103 1020 1154; x_wconf 84' lang='lat' dir='ltr'>spirarunt</span> <span class='ocrx_word' id='word_1_89' title='bbox 1056 1117 1127 1144; x_wconf 87' lang='lat'>20.</span> <span class='ocrx_word' id='word_1_90' title='bbox 1170 1114 1249 1145; x_wconf 88' lang='lat' dir='ltr'>tres</span> <span class='ocrx_word' id='word_1_91' title='bbox 1277 1118 1394 1146; x_wconf 86' lang='lat' dir='ltr'>men-</span> 
     </span>
     <span class='ocr_line' id='line_1_14' title="bbox 122 1165 1393 1220; baseline 0.002 -11"><span class='ocrx_word' id='word_1_92' title='bbox 122 1168 159 1209; x_wconf 86' lang='lat' dir='ltr'>se</span> <span class='ocrx_word' id='word_1_93' title='bbox 194 1168 416 1220; x_wconf 82' lang='lat' dir='ltr'>Ianuario,</span> <span class='ocrx_word' id='word_1_94' title='bbox 452 1166 595 1209; x_wconf 78' lang='lat' dir='ltr'>scilicet</span> <span class='ocrx_word' id='word_1_95' title='bbox 627 1168 664 1208; x_wconf 92' lang='lat' dir='ltr'>d.</span> <span class='ocrx_word' id='word_1_96' title='bbox 705 1179 776 1215; x_wconf 83' lang='lat'>13.</span> <span class='ocrx_word' id='word_1_97' title='bbox 816 1165 915 1215; x_wconf 80' lang='lat' dir='ltr'>W3</span> <span class='ocrx_word' id='word_1_98' title='bbox 952 1176 992 1207; x_wconf 86' lang='lat' dir='ltr'>et</span> <span class='ocrx_word' id='word_1_99' title='bbox 1025 1181 1053 1216; x_wconf 86' lang='lat'>4</span> <span class='ocrx_word' id='word_1_100' title='bbox 1085 1168 1122 1208; x_wconf 83' lang='lat' dir='ltr'>d.</span> <span class='ocrx_word' id='word_1_101' title='bbox 1163 1179 1214 1217; x_wconf 83' lang='lat'>15</span> <span class='ocrx_word' id='word_1_102' title='bbox 1254 1180 1292 1210; x_wconf 93' lang='lat' dir='ltr'>et</span> <span class='ocrx_word' id='word_1_103' title='bbox 1319 1174 1393 1211; x_wconf 85' lang='lat'>16.</span> 
     </span>
     <span class='ocr_line' id='line_1_15' title="bbox 124 1229 1384 1283; baseline 0 -11"><span class='ocrx_word' id='word_1_104' title='bbox 124 1229 222 1282; x_wconf 68' lang='lat' dir='ltr'>W&#39;g</span> <span class='ocrx_word' id='word_1_105' title='bbox 276 1242 316 1272; x_wconf 90' lang='lat' dir='ltr'>et</span> <span class='ocrx_word' id='word_1_106' title='bbox 355 1246 397 1281; x_wconf 91' lang='lat'>4.</span> <span class='ocrx_word' id='word_1_107' title='bbox 448 1232 668 1272; x_wconf 88' lang='lat' dir='ltr'>Februario</span> <span class='ocrx_word' id='word_1_108' title='bbox 700 1239 876 1283; x_wconf 85' lang='lat' dir='ltr'>quatuor</span> <span class='ocrx_word' id='word_1_109' title='bbox 909 1231 947 1271; x_wconf 91' lang='lat' dir='ltr'>d.</span> <span class='ocrx_word' id='word_1_110' title='bbox 983 1234 1028 1269; x_wconf 91' lang='lat'>6.</span> <span class='ocrx_word' id='word_1_111' title='bbox 1064 1231 1161 1279; x_wconf 81' lang='lat' dir='ltr'>W3</span> <span class='ocrx_word' id='word_1_112' title='bbox 1199 1240 1239 1271; x_wconf 84' lang='lat' dir='ltr'>et</span> <span class='ocrx_word' id='word_1_113' title='bbox 1272 1246 1316 1282; x_wconf 89' lang='lat'>4.</span> <span class='ocrx_word' id='word_1_114' title='bbox 1348 1234 1384 1274; x_wconf 90' lang='lat' dir='ltr'>d.</span> 
     </span>
     <span class='ocr_line' id='line_1_16' title="bbox 127 1292 1317 1345; baseline 0 -10"><span class='ocrx_word' id='word_1_115' title='bbox 127 1307 198 1344; x_wconf 80' lang='lat'>14.</span> <span class='ocrx_word' id='word_1_116' title='bbox 234 1294 378 1344; x_wconf 82' lang='lat' dir='ltr'>SW3</span> <span class='ocrx_word' id='word_1_117' title='bbox 415 1305 456 1335; x_wconf 88' lang='lat' dir='ltr'>et</span> <span class='ocrx_word' id='word_1_118' title='bbox 490 1309 534 1344; x_wconf 85' lang='lat'>4.</span> <span class='ocrx_word' id='word_1_119' title='bbox 565 1297 603 1336; x_wconf 88' lang='lat' dir='ltr'>d.</span> <span class='ocrx_word' id='word_1_120' title='bbox 644 1297 715 1334; x_wconf 89' lang='lat'>16.</span> <span class='ocrx_word' id='word_1_121' title='bbox 747 1292 846 1340; x_wconf 80' lang='lat' dir='ltr'>W3</span> <span class='ocrx_word' id='word_1_122' title='bbox 884 1293 923 1332; x_wconf 92' lang='lat' dir='ltr'>d.</span> <span class='ocrx_word' id='word_1_123' title='bbox 956 1304 1027 1332; x_wconf 80' lang='lat'>22.</span> <span class='ocrx_word' id='word_1_124' title='bbox 1063 1293 1162 1342; x_wconf 78' lang='lat' dir='ltr'>W3</span> <span class='ocrx_word' id='word_1_125' title='bbox 1200 1303 1240 1334; x_wconf 90' lang='lat' dir='ltr'>et</span> <span class='ocrx_word' id='word_1_126' title='bbox 1273 1308 1317 1345; x_wconf 82' lang='lat'>4.</span> 
     </span>
    </p>
   </div>
   <div class='ocr_carea' id='block_1_6' title="bbox 121 1369 1387 1571">
    <p class='ocr_par' dir='ltr' id='par_1_8' title="bbox 121 1369 1387 1571">
     <span class='ocr_line' id='line_1_17' title="bbox 267 1369 1387 1420; baseline -0.001 -3"><span class='ocrx_word' id='word_1_127' title='bbox 267 1374 434 1417; x_wconf 80' lang='lat' dir='ltr'>Martio.</span> <span class='ocrx_word' id='word_1_128' title='bbox 498 1372 598 1416; x_wconf 93' lang='lat' dir='ltr'>Duo</span> <span class='ocrx_word' id='word_1_129' title='bbox 630 1372 668 1413; x_wconf 89' lang='lat' dir='ltr'>d.</span> <span class='ocrx_word' id='word_1_130' title='bbox 708 1383 778 1420; x_wconf 84' lang='lat'>19.</span> <span class='ocrx_word' id='word_1_131' title='bbox 815 1369 929 1419; x_wconf 81' lang='lat' dir='ltr'>W3.</span> <span class='ocrx_word' id='word_1_132' title='bbox 963 1370 1098 1414; x_wconf 62' lang='lat' dir='ltr'>Nodte</span> <span class='ocrx_word' id='word_1_133' title='bbox 1128 1372 1235 1414; x_wconf 85' lang='lat' dir='ltr'>inter</span> <span class='ocrx_word' id='word_1_134' title='bbox 1261 1387 1317 1416; x_wconf 84' lang='lat'>20</span> <span class='ocrx_word' id='word_1_135' title='bbox 1342 1384 1387 1416; x_wconf 85' lang='lat' dir='ltr'>et</span> 
     </span>
     <span class='ocr_line' id='line_1_18' title="bbox 121 1439 482 1489; baseline -0.011 -9"><span class='ocrx_word' id='word_1_136' title='bbox 121 1450 192 1480; x_wconf 84' lang='lat'>21.</span> <span class='ocrx_word' id='word_1_137' title='bbox 231 1439 328 1489; x_wconf 83' lang='lat' dir='ltr'>W3</span> <span class='ocrx_word' id='word_1_138' title='bbox 368 1449 408 1477; x_wconf 91' lang='lat' dir='ltr'>et</span> <span class='ocrx_word' id='word_1_139' title='bbox 440 1451 482 1486; x_wconf 86' lang='lat'>4·</span> 
     </span>
     <span class='ocr_line' id='line_1_19' title="bbox 272 1513 1383 1571; baseline 0.002 -13"><span class='ocrx_word' id='word_1_140' title='bbox 272 1515 514 1571; x_wconf 88' lang='lat' dir='ltr'>Apriliduo</span> <span class='ocrx_word' id='word_1_141' title='bbox 530 1513 568 1554; x_wconf 88' lang='lat' dir='ltr'>d.</span> <span class='ocrx_word' id='word_1_142' title='bbox 587 1518 632 1555; x_wconf 87' lang='lat'>6.</span> <span class='ocrx_word' id='word_1_143' title='bbox 654 1514 771 1556; x_wconf 69' lang='lat' dir='ltr'>noste</span> <span class='ocrx_word' id='word_1_144' title='bbox 800 1523 842 1557; x_wconf 86' lang='lat' dir='ltr'>et</span> <span class='ocrx_word' id='word_1_145' title='bbox 883 1524 953 1566; x_wconf 88' lang='lat'>17.</span> <span class='ocrx_word' id='word_1_146' title='bbox 987 1527 1027 1571; x_wconf 85' lang='lat' dir='ltr'>p.</span> <span class='ocrx_word' id='word_1_147' title='bbox 1064 1529 1120 1558; x_wconf 89' lang='lat' dir='ltr'>m.</span> <span class='ocrx_word' id='word_1_148' title='bbox 1155 1517 1256 1568; x_wconf 76' lang='lat' dir='ltr'>W3</span> <span class='ocrx_word' id='word_1_149' title='bbox 1279 1529 1321 1560; x_wconf 88' lang='lat' dir='ltr'>et</span> <span class='ocrx_word' id='word_1_150' title='bbox 1339 1532 1383 1570; x_wconf 85' lang='lat'>4.</span> 
     </span>
    </p>
   </div>
   <div class='ocr_carea' id='block_1_7' title="bbox 115 1601 1383 2045">
    <p class='ocr_par' dir='ltr' id='par_1_9' title="bbox 115 1601 1383 2045">
     <span class='ocr_line' id='line_1_20' title="bbox 274 1601 1383 1653; baseline -0.001 -6"><span class='ocrx_word' id='word_1_151' title='bbox 274 1604 388 1648; x_wconf 84' lang='lat' dir='ltr'>Maio</span> <span class='ocrx_word' id='word_1_152' title='bbox 429 1617 466 1643; x_wconf 92' lang='lat'>1.</span> <span class='ocrx_word' id='word_1_153' title='bbox 501 1603 538 1644; x_wconf 92' lang='lat' dir='ltr'>d.</span> <span class='ocrx_word' id='word_1_154' title='bbox 579 1610 649 1650; x_wconf 84' lang='lat'>15.</span> <span class='ocrx_word' id='word_1_155' title='bbox 685 1601 787 1652; x_wconf 78' lang='lat' dir='ltr'>W3</span> <span class='ocrx_word' id='word_1_156' title='bbox 825 1612 865 1644; x_wconf 89' lang='lat' dir='ltr'>et</span> <span class='ocrx_word' id='word_1_157' title='bbox 898 1616 943 1653; x_wconf 87' lang='lat'>4.</span> <span class='ocrx_word' id='word_1_158' title='bbox 978 1604 1100 1646; x_wconf 89' lang='lat' dir='ltr'>Iunio</span> <span class='ocrx_word' id='word_1_159' title='bbox 1125 1605 1273 1646; x_wconf 89' lang='lat' dir='ltr'>nullus.</span> <span class='ocrx_word' id='word_1_160' title='bbox 1310 1602 1383 1648; x_wconf 84' lang='lat' dir='ltr'>Iu-</span> 
     </span>
     <span class='ocr_line' id='line_1_21' title="bbox 119 1665 1382 1723; baseline 0.001 -13"><span class='ocrx_word' id='word_1_161' title='bbox 119 1667 180 1711; x_wconf 85' lang='lat' dir='ltr'>lio</span> <span class='ocrx_word' id='word_1_162' title='bbox 204 1700 216 1720; x_wconf 91' lang='lat'>‚</span> <span class='ocrx_word' id='word_1_163' title='bbox 244 1669 330 1711; x_wconf 69' lang='lat' dir='ltr'>&#39;duo</span> <span class='ocrx_word' id='word_1_164' title='bbox 364 1668 517 1723; x_wconf 82' lang='lat' dir='ltr'>vesperi</span> <span class='ocrx_word' id='word_1_165' title='bbox 552 1665 588 1707; x_wconf 89' lang='lat' dir='ltr'>d.</span> <span class='ocrx_word' id='word_1_166' title='bbox 626 1679 653 1716; x_wconf 95' lang='lat'><em>9</em></span> <span class='ocrx_word' id='word_1_167' title='bbox 689 1676 730 1707; x_wconf 90' lang='lat' dir='ltr'>et</span> <span class='ocrx_word' id='word_1_168' title='bbox 769 1678 838 1707; x_wconf 86' lang='lat'>10.</span> <span class='ocrx_word' id='word_1_169' title='bbox 871 1667 952 1708; x_wconf 74' lang='lat' dir='ltr'>fere</span> <span class='ocrx_word' id='word_1_170' title='bbox 985 1679 1058 1723; x_wconf 88' lang='lat' dir='ltr'>per</span> <span class='ocrx_word' id='word_1_171' title='bbox 1091 1680 1226 1712; x_wconf 83' lang='lat' dir='ltr'>totum</span> <span class='ocrx_word' id='word_1_172' title='bbox 1262 1671 1382 1714; x_wconf 83' lang='lat' dir='ltr'>diem.</span> 
     </span>
     <span class='ocr_line' id='line_1_22' title="bbox 121 1731 1379 1787; baseline 0 -11"><span class='ocrx_word' id='word_1_173' title='bbox 121 1733 307 1786; x_wconf 87' lang='lat' dir='ltr'>Augusto</span> <span class='ocrx_word' id='word_1_174' title='bbox 338 1734 420 1774; x_wconf 87' lang='lat' dir='ltr'>duo</span> <span class='ocrx_word' id='word_1_175' title='bbox 453 1734 489 1774; x_wconf 91' lang='lat' dir='ltr'>d.</span> <span class='ocrx_word' id='word_1_176' title='bbox 528 1743 580 1780; x_wconf 83' lang='lat'>13</span> <span class='ocrx_word' id='word_1_177' title='bbox 619 1740 659 1772; x_wconf 89' lang='lat' dir='ltr'>et</span> <span class='ocrx_word' id='word_1_178' title='bbox 699 1736 768 1773; x_wconf 90' lang='lat'>16.</span> <span class='ocrx_word' id='word_1_179' title='bbox 801 1731 898 1780; x_wconf 84' lang='lat' dir='ltr'>W3</span> <span class='ocrx_word' id='word_1_180' title='bbox 951 1742 992 1773; x_wconf 86' lang='lat' dir='ltr'>et</span> <span class='ocrx_word' id='word_1_181' title='bbox 1044 1748 1086 1782; x_wconf 89' lang='lat'>4.</span> <span class='ocrx_word' id='word_1_182' title='bbox 1153 1733 1379 1787; x_wconf 83' lang='lat' dir='ltr'>Septembri</span> 
     </span>
     <span class='ocr_line' id='line_1_23' title="bbox 121 1796 1382 1846; baseline 0.001 -6"><span class='ocrx_word' id='word_1_183' title='bbox 121 1811 195 1840; x_wconf 93' lang='lat'>00.</span> <span class='ocrx_word' id='word_1_184' title='bbox 261 1797 429 1840; x_wconf 60' lang='lat' dir='ltr'>Ociobri</span> <span class='ocrx_word' id='word_1_185' title='bbox 478 1808 582 1838; x_wconf 85' lang='lat' dir='ltr'>vnus</span> <span class='ocrx_word' id='word_1_186' title='bbox 632 1797 670 1837; x_wconf 87' lang='lat' dir='ltr'>d.</span> <span class='ocrx_word' id='word_1_187' title='bbox 708 1809 779 1846; x_wconf 83' lang='lat'>23.</span> <span class='ocrx_word' id='word_1_188' title='bbox 813 1796 967 1846; x_wconf 81' lang='lat' dir='ltr'><strong>SW3.</strong></span> <span class='ocrx_word' id='word_1_189' title='bbox 1035 1797 1264 1839; x_wconf 88' lang='lat' dir='ltr'>Nouembri</span> <span class='ocrx_word' id='word_1_190' title='bbox 1299 1801 1382 1841; x_wconf 90' lang='lat' dir='ltr'>duo</span> 
     </span>
     <span class='ocr_line' id='line_1_24' title="bbox 119 1860 1381 1913; baseline -0.001 -8"><span class='ocrx_word' id='word_1_191' title='bbox 119 1864 157 1905; x_wconf 92' lang='lat' dir='ltr'>d.</span> <span class='ocrx_word' id='word_1_192' title='bbox 192 1875 235 1913; x_wconf 91' lang='lat'>9.</span> <span class='ocrx_word' id='word_1_193' title='bbox 271 1862 370 1911; x_wconf 66' lang='lat' dir='ltr'>wa</span> <span class='ocrx_word' id='word_1_194' title='bbox 404 1871 444 1903; x_wconf 90' lang='lat' dir='ltr'>et</span> <span class='ocrx_word' id='word_1_195' title='bbox 478 1874 518 1911; x_wconf 88' lang='lat'>4.</span> <span class='ocrx_word' id='word_1_196' title='bbox 552 1864 591 1905; x_wconf 91' lang='lat' dir='ltr'>d.</span> <span class='ocrx_word' id='word_1_197' title='bbox 629 1865 700 1899; x_wconf 83' lang='lat'>16.</span> <span class='ocrx_word' id='word_1_198' title='bbox 733 1860 796 1910; x_wconf 80' lang='lat'>53</span> <span class='ocrx_word' id='word_1_199' title='bbox 833 1871 874 1902; x_wconf 90' lang='lat' dir='ltr'>et</span> <span class='ocrx_word' id='word_1_200' title='bbox 907 1874 945 1911; x_wconf 83' lang='lat'>4.</span> <span class='ocrx_word' id='word_1_201' title='bbox 1005 1860 1223 1905; x_wconf 87' lang='lat' dir='ltr'>Decembri</span> <span class='ocrx_word' id='word_1_202' title='bbox 1277 1876 1381 1904; x_wconf 86' lang='lat' dir='ltr'>vnus</span> 
     </span>
     <span class='ocr_line' id='line_1_25' title="bbox 117 1925 1379 1976; baseline -0.002 -7"><span class='ocrx_word' id='word_1_203' title='bbox 117 1927 154 1969; x_wconf 91' lang='lat' dir='ltr'>d.</span> <span class='ocrx_word' id='word_1_204' title='bbox 195 1937 265 1976; x_wconf 80' lang='lat'>25.</span> <span class='ocrx_word' id='word_1_205' title='bbox 300 1926 379 1975; x_wconf 81' lang='grc'>53.</span> <span class='ocrx_word' id='word_1_206' title='bbox 447 1925 600 1967; x_wconf 88' lang='lat' dir='ltr'>Omnes</span> <span class='ocrx_word' id='word_1_207' title='bbox 633 1926 712 1966; x_wconf 83' lang='lat' dir='ltr'>fere</span> <span class='ocrx_word' id='word_1_208' title='bbox 745 1938 797 1966; x_wconf 88' lang='lat' dir='ltr'>ex</span> <span class='ocrx_word' id='word_1_209' title='bbox 829 1926 1031 1968; x_wconf 84' lang='lat' dir='ltr'>occidente</span> <span class='ocrx_word' id='word_1_210' title='bbox 1053 1956 1065 1976; x_wconf 89' lang='lat'>‚</span> <span class='ocrx_word' id='word_1_211' title='bbox 1099 1936 1147 1968; x_wconf 75' lang='lat' dir='ltr'>vt</span> <span class='ocrx_word' id='word_1_212' title='bbox 1178 1927 1244 1968; x_wconf 89' lang='lat' dir='ltr'>hic</span> <span class='ocrx_word' id='word_1_213' title='bbox 1278 1940 1379 1968; x_wconf 82' lang='lat' dir='ltr'>ven-</span> 
     </span>
     <span class='ocr_line' id='line_1_26' title="bbox 115 1989 1380 2045; baseline -0.002 -12"><span class='ocrx_word' id='word_1_214' title='bbox 115 2000 180 2033; x_wconf 87' lang='lat' dir='ltr'>tus</span> <span class='ocrx_word' id='word_1_215' title='bbox 212 1991 280 2033; x_wconf 82' lang='lat' dir='ltr'>hic</span> <span class='ocrx_word' id='word_1_216' title='bbox 314 1990 391 2032; x_wconf 92' lang='lat' dir='ltr'>loci</span> <span class='ocrx_word' id='word_1_217' title='bbox 424 2002 583 2045; x_wconf 91' lang='lat' dir='ltr'>quoque</span> <span class='ocrx_word' id='word_1_218' title='bbox 617 2003 687 2044; x_wconf 87' lang='lat' dir='ltr'>per</span> <span class='ocrx_word' id='word_1_219' title='bbox 721 2003 874 2032; x_wconf 80' lang='lat' dir='ltr'>annum</span> <span class='ocrx_word' id='word_1_220' title='bbox 911 2000 958 2033; x_wconf 86' lang='lat' dir='ltr'>vt</span> <span class='ocrx_word' id='word_1_221' title='bbox 982 1989 1217 2043; x_wconf 89' lang='lat' dir='ltr'>plurimum</span> <span class='ocrx_word' id='word_1_222' title='bbox 1237 2003 1380 2044; x_wconf 80' lang='lat' dir='ltr'>regna-</span> 
     </span>
    </p>
   </div>
   <div class='ocr_carea' id='block_1_8' title="bbox 117 2054 1382 2163">
    <p class='ocr_par' dir='ltr' id='par_1_10' title="bbox 117 2054 1382 2163">
     <span class='ocr_line' id='line_1_27' title="bbox 117 2054 1178 2112; baseline 0 -14"><span class='ocrx_word' id='word_1_223' title='bbox 117 2067 162 2098; x_wconf 80' lang='lat' dir='ltr'>re</span> <span class='ocrx_word' id='word_1_224' title='bbox 194 2054 233 2098; x_wconf 85' lang='lat' dir='ltr'>h.</span> <span class='ocrx_word' id='word_1_225' title='bbox 267 2068 300 2097; x_wconf 84' lang='lat' dir='ltr'>e.</span> <span class='ocrx_word' id='word_1_226' title='bbox 328 2055 528 2099; x_wconf 83' lang='lat' dir='ltr'>maiorem</span> <span class='ocrx_word' id='word_1_227' title='bbox 560 2065 715 2112; x_wconf 82' lang='lat' dir='ltr'>partem</span> <span class='ocrx_word' id='word_1_228' title='bbox 749 2056 897 2109; x_wconf 81' lang='lat' dir='ltr'>spirare</span> <span class='ocrx_word' id='word_1_229' title='bbox 929 2054 1040 2098; x_wconf 87' lang='lat' dir='ltr'>solet.</span> <span class='ocrx_word' id='word_1_230' title='bbox 1171 2105 1178 2110; x_wconf 34' lang='grc'>,</span> 
     </span>
     <span class='ocr_line' id='line_1_28' title="bbox 686 2117 1382 2163; baseline -0.003 -1"><span class='ocrx_word' id='word_1_231' title='bbox 686 2117 727 2162; x_wconf 86' lang='grc' dir='ltr'>Ζ</span> <span class='ocrx_word' id='word_1_232' title='bbox 750 2131 776 2162; x_wconf 88' lang='lat' dir='ltr'><strong>z</strong></span> <span class='ocrx_word' id='word_1_233' title='bbox 814 2133 838 2160; x_wconf 86' lang='lat'>2</span> <span class='ocrx_word' id='word_1_234' title='bbox 1242 2119 1382 2163; x_wconf 85' lang='lat' dir='ltr'>Mense</span> 
     </span>
    </p>
   </div>
  </div>
 </body>
</html>
