1856 2653
325 176 967 227 METEOROLOGICARVM
1012 184 1063 223 A.
1104 190 1236 233 1761.
1303 195 1393 244 367

142 296 255 339 Nov.
302 309 340 347 3.
386 310 430 346 4.
472 307 541 337 20.
582 307 616 337 a.
672 307 728 336 m.
781 294 1015 337 Decembris
1075 305 1143 336 10.
1199 309 1265 340 11,
1324 313 1392 352 17,

141 374 174 402 a.
222 373 277 404 m.

296 424 457 469 Grando
491 424 634 466 cecidit
676 424 753 467 hoc
804 439 910 467 anno
961 436 1110 480 quater.
1178 427 1398 470 Nimirum

141 491 273 543 mense
309 490 447 546 Aprili
478 491 515 531 d.
558 500 611 540 17
648 500 688 531 et
730 497 783 532 18
833 501 873 530 et
909 491 1094 543 Augusto
1125 492 1163 533 d.
1204 502 1224 540 5
1265 502 1304 533 et
1325 504 1394 541 17.

140 551 309 596 Grando
341 556 460 597 huius
500 554 646 596 mensis
676 556 730 597 sat
765 567 910 608 magna
932 586 945 607 ‚
976 568 1075 610 quae
1107 557 1143 597 d.
1181 567 1222 606 5.
1257 558 1399 598 cecidit

141 619 317 673 aequalis
351 623 429 663 sere
463 621 540 662 fuit
575 621 665 660 nuci
719 619 922 660 anellanae
943 651 954 672 ‚
1005 619 1139 661 ialtim
1188 622 1401 675 quaedam,

139 695 240 738 quae
274 686 310 726 d.
349 697 417 736 17.
451 685 570 725 instar
603 684 676 740 pisi
712 686 909 735 maioris,
957 687 1069 726 coelo
1102 697 1124 724 e
1171 683 1398 739 longinquo

138 756 301 790 tonante
326 780 336 800 ‚
386 751 568 804 sequente
615 750 755 804 pluuia
790 749 958 802 ingenti.
1022 748 1183 801 Aprilis
1220 753 1286 790 16.
1323 751 1397 791 nix

135 811 284 853 Vltima
320 815 489 866 cecidit,
540 823 582 855 et
613 815 649 854 d.
691 825 761 861 23·
810 813 959 853 Vltima
1010 811 1248 864 congelatio.
1347 813 1399 855 In

134 876 367 929 adsignanda
402 878 549 919 vltima
583 876 863 928 congelatione
898 878 1033 918 cautio
1066 878 1120 918 est
1165 877 1395 919 adhibenda.

132 939 245 984 Nam
276 954 376 996 aqua
414 943 455 982 in
489 941 696 995 superficie
731 940 905 982 terrestri
938 951 1105 995 propter
1147 942 1273 994 frigus
1323 943 1392 983 ad-

131 1004 213 1047 huc
263 1006 408 1046 durans
431 1036 442 1054 ‚
497 1007 700 1059 congelari
750 1005 881 1056 solet,
931 1007 1121 1060 quamuis
1170 1019 1271 1061 aqua
1304 1006 1393 1048 a'e'ri

133 1068 261 1110 libero
292 1069 472 1123 exposita
507 1083 588 1109 non
623 1071 795 1121 geletur.
862 1069 925 1110 De
957 1069 1232 1122 congelatione
1267 1082 1392 1123 aquae

134 1135 219 1174 aeri
254 1132 380 1175 libero
409 1131 610 1184 expositae
644 1132 711 1174 hic
745 1132 874 1173 sermo
903 1133 983 1184 est,
1011 1136 1187 1187 adeoque
1218 1134 1266 1174 de
1284 1145 1391 1188 pun-

131 1197 199 1240 ἂο
231 1197 517 1249 congelationis
568 1198 633 1237 seu
684 1198 810 1249 gradu
865 1206 977 1247 150,
1027 1210 1151 1250 quem
1203 1196 1392 1239 thermo·-

128 1271 314 1303 metrum
347 1262 525 1302 nostrum
563 1262 784 1302 monstrare
816 1260 929 1300 debet
967 1262 1009 1300 in
1041 1263 1145 1301 aere.

281 1326 418 1366 Prima
464 1325 537 1363 nix
587 1325 728 1364 cecidit
777 1325 914 1363 rursus
965 1323 1210 1376 Septembris
1245 1330 1317 1367 18.
1350 1334 1391 1367 et

125 1388 354 1442 congelatio
388 1388 465 1428 hoc
498 1387 562 1428 die
595 1399 757 1441 quoque
792 1389 925 1439 prima
959 1387 1036 1428 fuit
1056 1419 1068 1438 ‚
1119 1389 1294 1443 adeoque
1344 1390 1392 1432 ab

127 1454 277 1496 vltima
309 1451 587 1502 congetafione
618 1451 665 1491 ad
698 1451 879 1503 primam
915 1450 1184 1492 interuallum
1219 1456 1300 1494 fere
1335 1455 1390 1498 est

130 1526 153 1566 5
208 1515 409 1557 mensium
432 1546 443 1566 ‚
490 1513 629 1568 quodsi
664 1526 740 1568 pro
772 1514 911 1554 aestate
960 1525 1207 1568 reputetur,
1256 1516 1388 1559 hiems

124 1581 204 1624 fixit
239 1591 266 1630 7
301 1579 514 1620 mensium.
577 1576 732 1620 Glaciei
777 1574 918 1619 Nevae
967 1578 1147 1620 fluminis
1198 1581 1382 1624 craffities

122 1653 209 1687 erat
242 1645 424 1685 maxima
457 1655 511 1684 ..···-·.
531 1649 583 1684 28
622 1642 722 1696 poll.
755 1641 860 1684 lond.
904 1644 1056 1685 fluuius
1090 1658 1112 1686 a
1153 1643 1279 1696 glacie
1331 1647 1386 1687 li-

123 1709 280 1751 beratus
311 1710 412 1763 Apr.
450 1721 492 1759 4.
527 1707 568 1748 h.
606 1717 644 1756 5.
681 1721 720 1762 p.
758 1720 813 1749 m.
847 1716 889 1748 et
918 1708 1055 1750 rursus
1087 1707 1215 1763 glacie.
1253 1709 1382 1753 obdu·

128 1782 196 1816 tus
227 1773 344 1818 Nov,
380 1775 451 1816 16.
480 1773 525 1816 h.
557 1782 601 1823 7.
635 1784 669 1814 a.
703 1785 760 1814 m.

1176 2104 1384 2155 OBSER-
