1856 2653
461 189 555 236 416
743 176 1414 223 INSECTORVM

459 295 608 336 Marcgr.
635 303 668 338 p.
700 292 782 335 246,
809 298 843 325 et
871 299 952 334 247.
979 288 1002 323 f.
1032 299 1065 332 3.
1091 290 1209 322 Enena
1232 289 1254 324 s.
1289 291 1420 322 Taurus
1454 286 1567 321 volans
1592 289 1652 324 1v.

465 343 577 377 Olear.
607 340 690 375 Mus.
718 340 781 374 tab.
809 343 896 374 XVI.
926 340 947 373 f.
981 351 1011 373 1
1038 338 1235 373 scarabaeus
1270 338 1412 373 buceros
1445 337 1632 372 naficornis.

466 394 578 427 Grew.
607 390 690 424 Mus.
718 403 753 436 p.
784 398 864 424 162.
895 389 974 422 The
1007 387 1158 433 Toddy-
1172 389 1245 436 Fly.

465 442 569 476 Petiv
601 452 668 484 gaz
694 439 760 472 tab.
788 442 883 474 LXX.
912 439 934 474 f.
962 451 991 473 1.
1018 436 1221 474 Rhinoceros
1246 444 1361 474 Amer.
1388 439 1490 472 einer.
1524 435 1628 472 rostro
1667 436 1713 471 ω’-

565 502 647 534 gro,
674 491 812 524 nitente

464 537 556 574 noes.
581 538 703 575 scarab.
730 547 812 574 tom.
839 540 882 572 11.
911 538 977 573 tab.
1003 541 1043 573 A.
1072 539 1094 573 f.
1127 552 1158 575 1.

758 648 1426 694 OBSERVATIO.

618 736 732 778 Licet
765 736 830 776 hic
862 735 1091 778 scarabaeus
1125 735 1213 775 satis
1245 736 1328 775 iam
1362 734 1546 785 cognitus
1566 763 1577 784 ‚
1628 739 1668 771 et
1699 742 1719 770 a

469 797 555 842 Cel.
591 799 771 841 Roeselio
802 801 994 852 inprimis
1022 800 1180 851 optime
1213 797 1261 838 fit
1295 798 1512 850 descriptus
1539 826 1549 846 ,
1600 806 1723 847 quae-

471 864 565 902 dam
599 871 732 902 tamen
757 893 768 912 ,
809 875 910 915 quae
942 863 1060 913 digna
1095 860 1200 900 mihi
1234 862 1316 900 vista
1351 863 1440 901 sunt
1460 893 1471 913 ‚
1522 869 1570 899 vt
1603 859 1723 898 inno-

471 926 645 978 tescant,
681 934 884 965 momenta
919 927 960 965 in
1011 924 1191 964 medium
1242 925 1449 977 proferre,
1499 935 1548 962 eo
1597 920 1725 972 magis

472 987 730 1031 necessarium
764 989 896 1038 duxi,
927 1000 1008 1042 quo
1043 987 1133 1040 plus
1165 988 1211 1027 ad
1249 988 1391 1028 Inse&i
1411 986 1618 1027 historiam
1642 1014 1654 1033 ‚
1686 992 1727 1022 et

474 1053 523 1093 ad
553 1053 723 1092 dubium
758 1052 960 1104 quoddam
993 1051 1275 1088 resoluendum
1301 1080 1311 1098 ,
1347 1050 1527 1102 hancque
1558 1046 1728 1099 speciem

474 1118 520 1158 ab
553 1113 629 1155 alia
650 1144 661 1165 ‚
711 1126 807 1153 cum
842 1126 919 1166 qua
953 1112 1212 1153 confunditur
1233 1143 1245 1164 ‚
1296 1112 1450 1154 facilius
1483 1112 1732 1164 distinguen-

472 1179 567 1219 dam
600 1178 776 1218 conterre
811 1176 980 1230 poffunt.

624 1251 788 1307 Septem
840 1254 882 1293 in
916 1254 1021 1294 Mus.
1056 1245 1230 1308 'Petrop.
1283 1254 1471 1295 afferuata
1522 1251 1731 1294 indiuidua

478 1319 674 1373 quaedam
710 1318 814 1357 inter
847 1317 882 1355 se
916 1315 1063 1356 habent
1098 1319 1332 1356 communia
1355 1349 1365 1366 ,
1418 1320 1459 1356 in
1495 1317 1732 1369 quibusdam

479 1395 579 1424 vero
613 1381 791 1435 partibus
825 1390 956 1419 vnum
991 1380 1037 1418 ab
1069 1379 1196 1417 altero
1225 1379 1278 1417 cst
1311 1380 1528 1419 diuersum.
1592 1380 1639 1419 In
1668 1388 1732 1416 rea

478 1446 614 1499 spectu
648 1443 695 1482 ad
729 1443 839 1495 prius
873 1439 988 1479 valde
1025 1439 1196 1479 miratus
1229 1440 1334 1487 sum,
1368 1455 1537 1493 pronam
1572 1454 1594 1480 a
1625 1442 1733 1482 Roe-

481 1508 577 1551 selio
610 1505 791 1558 descripti
821 1516 864 1543 ac
897 1500 1082 1542 delineati
1116 1503 1362 1555 exemplaris
1401 1504 1540 1544 faciem
1592 1503 1734 1542 vnico-

484 1570 641 1620 lorem‚
675 1580 696 1608 e
729 1568 898 1622 puniceo
933 1579 1074 1619 nempe
1103 1568 1393 1618 nigricantem,
1429 1580 1526 1607 cum
1544 1567 1735 1606 omnium

485 1635 667 1689 septem,
719 1632 844 1672 modo
892 1639 1213 1685 memoratmum
1237 1660 1248 1679 ‚
1299 1631 1472 1673 thoracis
1523 1642 1646 1684 aeque
1694 1640 1737 1681 ac

486 1698 628 1752 capitis
661 1708 785 1737 cornu
820 1695 1019 1746 nigrum,
1053 1693 1270 1745 glabrum,
1304 1694 1614 1748 splendensque,
1647 1686 1738 1744 ely-

489 1771 550 1803 tra
583 1772 683 1802 vero
716 1758 860 1800 coloris
893 1756 1132 1810 oliuamm,
1163 1756 1285 1798 modo
1320 1758 1580 1808 intenfioris‚
1617 1757 1739 1798 modo

490 1823 612 1869 diluti
647 1824 807 1876 magis,
858 1821 1005 1862 macul
997 1834 1103 1875 sque
1157 1822 1416 1875 minoribus,
1457 1822 1740 1873 subrotundis,

494 1902 518 1930 a
551 1887 696 1929 muscis
728 1886 857 1928 veluti
890 1887 1174 1940 consputam,
1207 1884 1306 1925 striis
1337 1888 1460 1928 etiam
1494 1887 1635 1937 vagis,
1685 1884 1741 1926 li-

492 1952 656 2006 neisque
699 1950 1004 2003 nigricantibus
1068 1950 1322 2002 conspurcan
1372 1951 1513 2005 quafi
1532 1949 1742 1991 viderim·
1731 1979 1743 2001 ‚

494 2026 575 2071 qua
615 2016 662 2057 de
697 2026 738 2055 te
776 2014 1057 2069 Marcgrcfium
1087 2014 1210 2056 etiam
1244 2013 1552 2057 consentientem
1587 2013 1711 2054 habeo
1731 2043 1743 2064 ‚

1583 2086 1742 2120 Omnes·
