1856 2653
322 277 792 322 ECLIPSIS
848 276 1141 324 SOLIS.
1269 291 1358 330 547

108 392 261 434 vicinae
295 393 341 433 ad
371 392 685 433 obscurationem
719 391 940 431 maximam
962 393 1231 446 accipiantur,
1265 406 1358 434 cum

104 456 211 497 lenta
247 468 341 498 tunc
373 468 512 496 earum
549 456 727 496 mutatio
760 456 1049 497 aberrationem
1080 456 1359 498 notabiliorem

103 522 326 574 producere
359 519 499 562 valeat.

258 646 502 692 Methodum
555 659 663 688 nunc
714 658 916 701 exponam
941 678 953 698 ,
1002 659 1080 701 qua
1135 660 1186 688 ex
1236 648 1360 689 tribus

103 713 281 764 partibus
314 712 456 753 lucidis
479 743 490 762 ‚
532 713 901 766 quomodocunque
935 712 1205 765 inaequal'bus
1228 743 1239 762 ‚
1290 713 1359 753 iti-

99 775 194 814 dem
233 787 367 817 tamen
401 785 441 815 et
473 776 524 817 ob
556 778 723 817 eandem
757 778 956 816 rationem
994 776 1035 815 in
1095 776 1242 816 vicinia
1288 776 1362 817 ob·-

98 838 334 882 scutatioais
382 841 587 880 maximae
638 840 780 880 sumtis
832 852 912 880 vna
961 851 1059 880 cum
1113 839 1363 893 temporibus

98 902 301 958 adscriptis
323 934 335 955 ,
385 917 464 944 non
514 903 647 944 solum
700 904 879 945 distantia
915 912 1150 944 centrorum
1187 901 1290 944 Solis
1321 911 1363 943 et

98 963 221 1007 lunae
271 969 442 1009 minima
468 997 480 1017 ,
528 978 676 1007 verum
718 968 844 1006 etiam
882 975 1045 1018 tempus
1077 966 1362 1007 obscurationis

99 1032 305 1072 maximae
339 1030 497 1071 defin³ri
533 1029 679 1083 possit3
722 1042 824 1083 quae
857 1029 1073 1070 methodus
1107 1039 1147 1071 ct
1180 1032 1361 1082 interpo-

97 1091 292 1135 lationem
326 1093 515 1135 excludet
536 1124 548 1144 ‚
579 1103 652 1147 et,
706 1094 875 1134 mutatis
911 1094 1114 1134 mutandis
1134 1125 1146 1145 ‚
1198 1094 1240 1133 in
1273 1094 1365 1134 aliis

98 1168 260 1211 quoque
292 1156 634 1198 obseruatiombus
667 1155 894 1210 frequenter
928 1158 1018 1197 vsui
1051 1158 1142 1199 erit.
1208 1157 1364 1209 Cogni-

98 1228 162 1261 tae
195 1222 383 1274 primum
418 1220 684 1274 requiruntur
717 1220 906 1261 diametri
940 1220 1046 1262 Solis
1077 1230 1118 1261 et
1159 1218 1278 1276 lunae
1320 1221 1365 1261 in

98 1283 242 1324 iisdem
279 1283 400 1324 icalae
436 1285 644 1337 pambus,
685 1285 726 1324 in
760 1284 904 1338 quibus
938 1295 1068 1338 partes
1101 1276 1256 1325 lucidae
1289 1297 1365 1325 ex-

99 1344 303 1387 hibentur.
387 1347 626 1390 obseruatio
661 1347 896 1389 immediata
929 1361 990 1389 eas
1033 1349 1171 1389 docuit
1194 1379 1207 1399 ‚
1255 1347 1364 1389 Solis

100 1423 250 1464 nempe
285 1416 462 1462 5:365,
493 1412 610 1452 lunae
641 1425 800 1460 :340
838 1420 939 1463 part.
990 1412 1142 1462 scalae,
1193 1412 1363 1464 ideoque

96 1473 447 1515 semidiametrum
481 1473 586 1514 Solis
621 1478 795 1519 2182,
818 1483 857 1517 5.
893 1470 1012 1512 lunae
1043 1485 1215 1524 :170-
1294 1475 1363 1516 Ex

99 1536 165 1578 his
213 1536 354 1576 deinde
403 1543 444 1574 et
494 1546 544 1574 ex
599 1542 709 1587 parte
742 1534 874 1574 lucida
907 1535 993 1575 data
1035 1537 1213 1576 inueniri
1246 1538 1363 1579 debet

99 1599 281 1641 distantia
315 1606 552 1638 centrorum
584 1596 688 1638 Solis
717 1607 759 1637 et
791 1598 908 1638 lunae
930 1628 941 1646 ‚
973 1598 1021 1639 ad
1054 1600 1161 1642 idem
1198 1611 1361 1656 tempus

99 1664 301 1705 referenda
324 1693 336 1713 ,
383 1663 490 1715 quod
530 1661 635 1715 parti
670 1660 824 1702 lucidae
858 1665 1064 1705 conuenit.
1166 1665 1284 1706 Hunc
1319 1667 1359 1707 in

101 1727 228 1769 finem
263 1725 524 1780 repraesentet
554 1725 688 1768 ΕΑΒ
725 1725 1000 1780 peripheriam
1048 1728 1138 1769 disci
1178 1728 1360 1783 Sol-aris,

101 1793 231 1836 centri
264 1790 298 1832 C
334 1790 432 1831 radii
467 1789 563 1832 CE.
633 1789 682 1832 In
718 1790 753 1831 L
788 1791 837 1832 sit
871 1801 1060 1832 centrum
1104 1794 1359 1846 peripheriae

100 1857 195 1899 disci
230 1855 382 1896 lunaris
415 1853 567 1906 AGB,
600 1855 778 1909 priorem
812 1857 853 1896 in
889 1857 945 1908 A,
979 1856 1031 1907 B,
1063 1858 1222 1899 secantis
1243 1889 1255 1910 ‚
1311 1867 1360 1898 vt

101 1920 237 1973 figura
282 1918 456 1960 AFBH
497 1929 653 1973 partem
701 1917 806 1960 Solis
850 1913 1097 1961 obscuratam
1147 1932 1359 1974 exponat,

103 1983 211 2026 resta
248 1981 331 2034 AB
366 1994 463 2024 vero
495 1983 686 2026 chordam
720 1983 902 2032 descetus.
978 1985 1122 2028 Iuncta
1156 1984 1231 2026 sint
1264 1997 1360 2025 cen-

104 2058 167 2089 tra
201 2046 254 2100 C,
290 2049 340 2098 L,
375 2047 476 2089 resta
508 2045 612 2103 CL,
645 2061 744 2103 quae
779 2051 857 2089 erit
890 2050 1068 2091 distantia
1119 2061 1358 2091 centrorum

102 2110 210 2157 Solis
260 2122 300 2154 et
340 2111 490 2167 lunae,
539 2126 580 2158 et
612 2108 814 2172 protracta
844 2115 886 2155 in
920 2115 958 2159 E
991 2124 1150 2173 partem
1182 2105 1359 2157 lucidam

673 2175 712 2223 Z
732 2191 756 2221 z
774 2191 798 2221 z
835 2192 861 2219 2.
1271 2178 1354 2222 EF

1386 1656 1474 1692 Tab.
1490 1660 1595 1695 XVII.

1416 1710 1487 1754 fig.
1518 1722 1550 1746 ι.
