1856 2653
246 178 885 228 METEOROLOGICARVM
921 180 971 224 Α.
1013 193 1032 222 1
1042 186 1103 254 76
1110 197 1148 225 2.
1251 193 1307 235 37
1314 195 1342 236 9

94 307 168 352 per
224 305 292 345 15.
343 299 423 339 dies
464 296 500 337 d.
537 308 580 346 4.
624 300 665 337 6.
704 306 746 347 7.
789 301 826 338 8.
863 306 903 344 9.
946 306 1016 334 10.
1057 306 1127 336 11.
1167 306 1234 334 12.
1276 306 1345 343 13·

99 375 170 411 14.
209 374 280 403 20.
317 366 386 403 26.
426 366 495 403 28.
535 374 605 411 29.
643 373 713 411 30.
748 360 777 402 S
810 359 979 415 spirauit
1012 370 1084 413 per
1115 359 1199 401 dies
1236 368 1275 407 5.
1307 360 1347 400 O

92 437 166 478 per
197 438 238 477 4.
271 426 312 468 Ν
347 439 416 480 per
451 429 491 467 6.
523 427 618 468 dies,

243 502 433 545 Altitudo
463 515 586 558 aquae
621 502 785 558 pluuiae
817 514 873 543 2:
894 501 968 540 r's.
995 498 1091 541 ΒΜ.

239 583 427 623 Aurorae
459 581 633 625 boreales
665 592 746 623 tres
775 578 924 621 debiles
952 580 991 622 d.
1030 586 1071 628 5.
1109 582 1150 621 8.
1187 590 1258 619 12.

515 689 941 752 December.

220 784 301 830 Hic
335 788 480 830 mensis
510 802 553 840 9.
587 792 668 832 dies
701 790 857 830 serenos
889 785 1085 838 habebat,
1142 790 1192 825 vt
1228 792 1270 833 3.
1310 790 1352 832 ς.

83 850 129 893 6.
167 863 239 892 12.
283 866 351 903 13.
393 867 465 905 14.
502 863 573 902 15.
608 867 681 893 22.
718 864 792 902 23.

233 933 354 975 Venti
405 934 732 979 vehementiores
783 941 824 982 5.
864 940 914 976 vt
955 932 994 974 d.
1033 943 1056 981 3
1093 938 1135 972 et
1170 941 1210 981 4.
1247 927 1349 977 Wss

83 1003 127 1036 et
161 1009 204 1046 4.
236 998 274 1038 d.
313 1005 354 1040 8.
387 1000 504 1041 nodie
534 999 636 1048 W3
672 1009 713 1041 et
746 1012 787 1049 4.
823 998 864 1039 d.
897 1009 939 1047 9.
982 996 1082 1044 Wa
1127 1003 1169 1035 et
1221 1005 1263 1042 4-
1311 993 1352 1034 d·

91 1070 164 1107 31.
199 1061 298 1101 W2
335 1072 376 1102 et
415 1076 453 1110 3·
488 1064 688 1104 Ceterum
722 1073 761 1101 et
791 1061 870 1102 hoc
912 1061 1044 1101 mense
1094 1059 1157 1100 W
1209 1067 1355 1110 regna-

88 1123 155 1162 vit
177 1153 189 1174 ,
222 1125 390 1177 spirauit
421 1125 533 1166 enim
569 1136 641 1179 per
673 1125 758 1165 dies
796 1133 865 1170 23.
897 1123 1147 1163 nominatim
1183 1122 1222 1162 d.
1252 1134 1290 1160 1.
1313 1133 1352 1162 2.

92 1197 134 1235 3.
169 1199 213 1236 4.
253 1193 291 1229 8.
328 1202 368 1238 9.
411 1202 482 1229 10.
522 1198 593 1237 ις.
634 1191 704 1229 16.
746 1198 813 1236 17.
852 1192 922 1228 18.
962 1199 1031 1238 ¹9·
1069 1196 1141 1226 20.
1173 1196 1247 1226 21.
1278 1196 1352 1225 22.

91 1262 166 1301 23.
201 1263 272 1302 24.
313 1257 384 1292 26.
422 1264 496 1303 27.
531 1258 603 1294 28.
642 1265 713 1302 29.
752 1264 824 1301 30.
860 1261 934 1300 31.

236 1319 431 1361 Altitudo
459 1332 583 1375 aquae
613 1332 667 1361 ex
716 1319 811 1359 niue
866 1317 1081 1371 liqueffieza
1129 1312 1230 1367 4¹‘'.
1281 1316 1353 1359 de·

88 1380 422 1438 prehendebatur.

240 1448 427 1487 Aurorae
456 1444 636 1487 boreales
669 1444 771 1485 duae
800 1443 1030 1499 compietae
1051 1475 1064 1495 ‚
1094 1444 1276 1498 priorem
1308 1443 1350 1486 d..

95 1511 134 1550 8.
170 1509 277 1550 inter
310 1510 350 1550 h.
386 1521 410 1558 3
444 1519 484 1550 et
516 1523 559 1561 4.
595 1523 628 1550 a.
664 1521 721 1550 m.
751 1508 959 1551 obstruaui
993 1520 1090 1549 cum
1124 1509 1244 1549 radiis
1283 1521 1352 1550 co·

90 1571 230 1614 loratis
259 1605 272 1626 ,
313 1575 506 1629 posterior
537 1576 574 1616 d.
615 1587 685 1624 14.
722 1574 841 1615 Radii
877 1574 945 1614 hic
979 1586 1060 1615 non
1092 1582 1208 1615 erant
1238 1572 1353 1616 colo·

89 1637 181 1678 rati.
244 1639 476 1694 Incompeta
507 1640 547 1681 d.
583 1643 630 1679 6.
661 1648 703 1679 et
734 1639 900 1692 vestigia
933 1639 970 1680 d.
1006 1650 1052 1688 4.

241 1716 309 1758 Ex
357 1716 471 1759 distis
521 1715 650 1760 adhue
701 1717 902 1772 sequentia
953 1714 1167 1758 corollaria
1201 1715 1348 1758 fluunt.

87 1776 204 1833 Ergo
235 1782 313 1823 suit
346 1781 527 1823 serenitas
558 1783 720 1825 dierum
751 1781 931 1836 amplius
965 1781 1086 1822 tertia
1118 1781 1210 1822 anni
1255 1793 1349 1834 par-

88 1850 128 1883 te
149 1875 162 1896 ‚
194 1847 359 1901 proprie
392 1858 462 1902 per
500 1859 600 1898 130.
634 1847 726 1888 dies.
797 1845 1019 1888 Nimirum
1054 1844 1138 1888 Ian.
1172 1858 1210 1885 1.
1232 1845 1348 1886 Febr.

89 1918 133 1959 9·
169 1909 293 1952 Mart.
333 1921 387 1961 17
436 1911 540 1968 Apr.
585 1917 654 1954 18.
690 1911 805 1954 Maio
844 1924 913 1961 19.
947 1911 1042 1953 Iun.
1075 1922 1131 1960 17
1167 1908 1232 1951 Iul
1277 1921 1348 1950 11.

85 1971 200 2078 ἕης.
256 1987 325 2017 11.
356 1974 465 2033 Sept.
503 1983 542 2022 8.
571 1976 716 2020 octob.
750 1981 794 2017 6.
828 1975 943 2019 Nov.
976 1988 1021 2028 4.
1053 1972 1269 2019 Decembri
1305 1985 1346 2024 9.

129 2049 180 2083 es,
1325 2059 1331 2066 ·

668 2105 790 2150 Bbb
823 2117 851 2147 2
1190 2103 1350 2145 Ventus
