1856 2653
764 440 880 482 DE

312 546 510 607 VSV
584 542 1333 608 FVNCTIONVM

259 666 902 715 mscoNTiNvARvm
946 666 1021 708 IN
1066 660 1387 709 ANALYSI.

711 796 933 838 Auctore
1067 815 1086 848 l

582 893 632 934 L.
679 892 714 932 Ε
743 893 780 934 V
816 891 851 930 L
882 889 918 929 E
953 887 989 928 R
1021 885 1074 928 Ο.

800 1026 841 1059 1,

196 1091 440 1267 Quae
474 1125 515 1164 in
550 1122 718 1174 Analyfi
754 1124 801 1163 de
834 1120 1102 1163 functionibus
1122 1122 1214 1172 ,seu
1250 1119 1455 1173 quantita-

404 1187 508 1224 tibus
551 1196 620 1236 per
675 1185 912 1235 quampiam
963 1183 1200 1222 variabilem
1252 1191 1458 1236 vtcunque

400 1245 698 1294 determinatis„
717 1245 821 1282 tradi
856 1241 1007 1291 solent,
1025 1243 1072 1280 ad
1105 1255 1166 1283 eas
1185 1251 1346 1282 tantum
1364 1240 1461 1284 fuu-

195 1307 350 1350 stiones
381 1308 676 1358 restringuntur
692 1334 710 1356 ν,
743 1301 845 1358 quae
877 1304 1088 1345 continuae
1139 1315 1337 1346 vocantur
1356 1334 1369 1358 -‚
1419 1314 1460 1347 et

196 1383 374 1426 quarum
425 1372 617 1413 formatio
674 1378 780 1410 certa
839 1368 1013 1421 quadam
1070 1368 1159 1423 lege
1216 1372 1460 1413 continetur.

197 1435 266 1478 Ex
299 1433 480 1476 doctrina
514 1434 720 1476 linearum
755 1444 976 1473 curuarum
1012 1432 1086 1474 hoc
1129 1433 1312 1475 maxime
1359 1433 1460 1474 illu-

190 1499 342 1541 stratur
363 1530 376 1550 ‚
408 1501 475 1541 vbi
509 1498 726 1551 applicatae
749 1528 761 1548 ,
795 1506 990 1550 quatenus
1022 1509 1092 1549 per
1126 1497 1295 1538 absciffas
1326 1499 1458 1539 deter-

196 1565 408 1604 minantur
430 1594 441 1614 ,
476 1563 611 1602 vicem
646 1569 793 1613 gerunt
825 1561 1108 1611 functionum,
1129 1562 1183 1601 ita
1217 1570 1265 1601 vt
1307 1562 1460 1602 indoles

196 1628 388 1668 omnium
424 1627 682 1668 functionum
713 1624 913 1680 aptiffime
947 1637 1018 1677 per
1052 1623 1175 1666 lineas
1207 1636 1350 1665 curuas
1391 1639 1459 1666 Je-

198 1692 435 1746 praesentari
479 1690 607 1744 poffit.
702 1690 767 1731 Ita
806 1689 1169 1743 quomodocunque
1210 1690 1409 1742 quantitas
1425 1700 1461 1740 y

198 1767 270 1809 per
304 1766 331 1795 x
372 1755 699 1806 determinatur,
748 1754 813 1793 seu
855 1765 1112 1807 quaecunque
1143 1753 1298 1795 sumit-‘o
1338 1752 1460 1793 fuerit

182 1832 218 1870 y
250 1818 373 1872 ipsius
407 1830 434 1857 x
457 1850 468 1869 ,
501 1818 655 1870 semper
689 1828 815 1858 curua
847 1818 1009 1858 describi
1044 1819 1169 1870 potest
1189 1848 1200 1868 ‚
1243 1817 1358 1856 cuius
1392 1818 1459 1857 ab-

194 1881 324 1925 sciffae
374 1883 600 1935 cuicunque
649 1893 678 1923 x
717 1881 932 1922 conueniat
968 1893 1011 1920 ea
1046 1880 1127 1934 ipsa
1172 1881 1365 1934 applicata
1391 1891 1424 1932 y
1447 1912 1457 1932 ‚

196 1945 374 1999 haecque
408 1945 512 1986 linea
546 1957 669 1987 curua
703 1956 880 1996 congrue
914 1954 1101 1985 naturam
1136 1942 1247 1985 illius
1283 1944 1456 1986 functio-

199 2012 261 2051 nis
301 2010 588 2062 repraesentare
628 2010 870 2051 aestimatur.
954 2010 1059 2050 Hinc
1111 2009 1234 2049 etiam
1284 2008 1456 2049 vicissim

200 2073 402 2127 proposita
436 2073 539 2114 linea
575 2085 701 2114 curua
734 2074 1096 2128 quacunque,eius
1125 2074 1344 2127 applicatae
1369 2085 1458 2112 cer-

201 2146 259 2181 tas
286 2137 474 2192 quasdam
506 2137 727 2181 functiones
759 2137 1008 2179 absciss‘arum
1026 2136 1246 2195 exhibent,
1279 2148 1456 2192 quarum

766 2203 809 2244 A
844 2216 867 2243 2
1308 2210 1452 2244 natura
