<?xml version="1.0" encoding="UTF-8"?>
<!DOCTYPE html PUBLIC "-//W3C//DTD XHTML 1.0 Transitional//EN"
    "http://www.w3.org/TR/xhtml1/DTD/xhtml1-transitional.dtd">
<html xmlns="http://www.w3.org/1999/xhtml" xml:lang="en" lang="en">
 <head>
  <title>
</title>
<meta http-equiv="Content-Type" content="text/html;charset=utf-8" />
  <meta name='ocr-system' content='tesseract 3.04.00' />
  <meta name='ocr-capabilities' content='ocr_page ocr_carea ocr_par ocr_line ocrx_word'/>
</head>
<body>
  <div class='ocr_page' id='page_1' title='image "./novicommentariac11impe_0410.png"; bbox 0 0 1856 2653; ppageno 0'>
   <div class='ocr_carea' id='block_1_1' title="bbox 504 196 1568 255">
    <p class='ocr_par' dir='ltr' id='par_1_1' title="bbox 504 196 1568 255">
     <span class='ocr_line' id='line_1_1' title="bbox 504 196 1568 255; baseline -0.016 0"><span class='ocrx_word' id='word_1_1' title='bbox 504 215 599 255; x_wconf 69' lang='lat'>344</span> <span class='ocrx_word' id='word_1_2' title='bbox 695 196 1568 251; x_wconf 72' lang='lat' dir='ltr'>OBSERVATIONES</span> 
     </span>
    </p>
   </div>
   <div class='ocr_carea' id='block_1_2' title="bbox 481 313 1801 2165">
    <p class='ocr_par' dir='ltr' id='par_1_2' title="bbox 481 313 1801 2093">
     <span class='ocr_line' id='line_1_2' title="bbox 504 313 1757 368; baseline -0.001 -11"><span class='ocrx_word' id='word_1_3' title='bbox 504 316 604 357; x_wconf 79' lang='lat' dir='ltr'>toris</span> <span class='ocrx_word' id='word_1_4' title='bbox 635 326 719 358; x_wconf 81' lang='lat' dir='ltr'>erat</span> <span class='ocrx_word' id='word_1_5' title='bbox 743 348 753 368; x_wconf 91' lang='lat'>‚</span> <span class='ocrx_word' id='word_1_6' title='bbox 796 316 882 356; x_wconf 87' lang='lat' dir='ltr'>luce</span> <span class='ocrx_word' id='word_1_7' title='bbox 917 313 1051 355; x_wconf 85' lang='lat' dir='ltr'>multo</span> <span class='ocrx_word' id='word_1_8' title='bbox 1083 315 1262 357; x_wconf 58' lang='lat' dir='ltr'>⁵*viuidior</span> <span class='ocrx_word' id='word_1_9' title='bbox 1315 323 1433 365; x_wconf 85' lang='lat' dir='ltr'>erat,</span> <span class='ocrx_word' id='word_1_10' title='bbox 1483 314 1666 366; x_wconf 63' lang='lat' dir='ltr'>sinistra,</span> <span class='ocrx_word' id='word_1_11' title='bbox 1715 322 1757 356; x_wconf 79' lang='lat' dir='ltr'>et</span> 
     </span>
     <span class='ocr_line' id='line_1_3' title="bbox 503 379 1755 433; baseline -0.002 -11"><span class='ocrx_word' id='word_1_12' title='bbox 503 381 615 422; x_wconf 86' lang='lat' dir='ltr'>iridis</span> <span class='ocrx_word' id='word_1_13' title='bbox 649 381 845 422; x_wconf 83' lang='lat' dir='ltr'>coloribus</span> <span class='ocrx_word' id='word_1_14' title='bbox 877 380 1103 421; x_wconf 83' lang='lat' dir='ltr'>coruscabat</span> <span class='ocrx_word' id='word_1_15' title='bbox 1123 411 1134 431; x_wconf 84' lang='lat'>,</span> <span class='ocrx_word' id='word_1_16' title='bbox 1182 381 1418 433; x_wconf 79' lang='lat' dir='ltr'>fasciamque</span> <span class='ocrx_word' id='word_1_17' title='bbox 1449 379 1544 418; x_wconf 87' lang='lat' dir='ltr'>bene</span> <span class='ocrx_word' id='word_1_18' title='bbox 1580 379 1755 420; x_wconf 84' lang='lat' dir='ltr'>lucidam</span> 
     </span>
     <span class='ocr_line' id='line_1_4' title="bbox 499 443 1756 499; baseline -0.002 -15"><span class='ocrx_word' id='word_1_19' title='bbox 499 448 548 488; x_wconf 72' lang='lat' dir='ltr'>ab</span> <span class='ocrx_word' id='word_1_20' title='bbox 579 454 746 486; x_wconf 80' lang='lat' dir='ltr'>externo</span> <span class='ocrx_word' id='word_1_21' title='bbox 781 445 902 485; x_wconf 81' lang='lat' dir='ltr'>latere</span> <span class='ocrx_word' id='word_1_22' title='bbox 937 456 1130 499; x_wconf 81' lang='lat' dir='ltr'>perquam</span> <span class='ocrx_word' id='word_1_23' title='bbox 1163 444 1284 496; x_wconf 85' lang='lat' dir='ltr'>longe</span> <span class='ocrx_word' id='word_1_24' title='bbox 1317 444 1357 483; x_wconf 91' lang='lat' dir='ltr'>in</span> <span class='ocrx_word' id='word_1_25' title='bbox 1388 443 1591 484; x_wconf 66' lang='lat' dir='ltr'>direc&#39;tum</span> <span class='ocrx_word' id='word_1_26' title='bbox 1625 443 1673 484; x_wconf 91' lang='lat' dir='ltr'>de</span> <span class='ocrx_word' id='word_1_27' title='bbox 1718 443 1756 484; x_wconf 85' lang='lat' dir='ltr'>se</span> 
     </span>
     <span class='ocr_line' id='line_1_5' title="bbox 498 508 1755 560; baseline -0.002 -9"><span class='ocrx_word' id='word_1_28' title='bbox 498 509 734 560; x_wconf 52' lang='lat' dir='ltr'>emittebam</span> <span class='ocrx_word' id='word_1_29' title='bbox 786 509 936 549; x_wconf 73' lang='lat' dir='ltr'>sinistra</span> <span class='ocrx_word' id='word_1_30' title='bbox 987 509 1187 550; x_wconf 79' lang='lat' dir='ltr'>obscurior</span> <span class='ocrx_word' id='word_1_31' title='bbox 1237 508 1392 548; x_wconf 75' lang='lat' dir='ltr'>fasciam</span> <span class='ocrx_word' id='word_1_32' title='bbox 1445 508 1586 548; x_wconf 89' lang='lat' dir='ltr'>eodem</span> <span class='ocrx_word' id='word_1_33' title='bbox 1632 508 1755 548; x_wconf 88' lang='lat' dir='ltr'>modo</span> 
     </span>
     <span class='ocr_line' id='line_1_6' title="bbox 497 571 1754 625; baseline -0.002 -12"><span class='ocrx_word' id='word_1_34' title='bbox 497 572 637 624; x_wconf 74' lang='lat' dir='ltr'>sparsit</span> <span class='ocrx_word' id='word_1_35' title='bbox 658 606 668 625; x_wconf 94' lang='lat'>,</span> <span class='ocrx_word' id='word_1_36' title='bbox 719 574 781 613; x_wconf 81' lang='lat' dir='ltr'>sed</span> <span class='ocrx_word' id='word_1_37' title='bbox 831 573 929 613; x_wconf 82' lang='lat' dir='ltr'>adeo</span> <span class='ocrx_word' id='word_1_38' title='bbox 979 574 1161 613; x_wconf 78' lang='lat' dir='ltr'>obscurae</span> <span class='ocrx_word' id='word_1_39' title='bbox 1194 571 1294 614; x_wconf 76' lang='lat' dir='ltr'>lucis</span> <span class='ocrx_word' id='word_1_40' title='bbox 1315 602 1327 622; x_wconf 84' lang='lat'>,</span> <span class='ocrx_word' id='word_1_41' title='bbox 1378 581 1424 612; x_wconf 78' lang='lat' dir='ltr'>vt</span> <span class='ocrx_word' id='word_1_42' title='bbox 1457 573 1530 613; x_wconf 86' lang='lat' dir='ltr'>vix</span> <span class='ocrx_word' id='word_1_43' title='bbox 1564 571 1754 623; x_wconf 78' lang='lat' dir='ltr'>distingui</span> 
     </span>
     <span class='ocr_line' id='line_1_7' title="bbox 496 636 1755 691; baseline -0.001 -15"><span class='ocrx_word' id='word_1_44' title='bbox 496 640 690 689; x_wconf 70' lang='lat' dir='ltr'>potuerit⁴</span> <span class='ocrx_word' id='word_1_45' title='bbox 755 637 818 677; x_wconf 87' lang='lat' dir='ltr'>Eo</span> <span class='ocrx_word' id='word_1_46' title='bbox 851 637 936 690; x_wconf 88' lang='lat' dir='ltr'>ipso</span> <span class='ocrx_word' id='word_1_47' title='bbox 970 646 1153 691; x_wconf 87' lang='lat' dir='ltr'>tempore</span> <span class='ocrx_word' id='word_1_48' title='bbox 1185 638 1228 676; x_wconf 29' lang='lat' dir='ltr'>rin</span> <span class='ocrx_word' id='word_1_49' title='bbox 1258 636 1438 676; x_wconf 82' lang='lat' dir='ltr'>distantia</span> <span class='ocrx_word' id='word_1_50' title='bbox 1473 636 1622 687; x_wconf 78' lang='lat' dir='ltr'>viginti</span> <span class='ocrx_word' id='word_1_51' title='bbox 1675 637 1755 675; x_wconf 57' lang='lat' dir='ltr'>cit-2</span> 
     </span>
     <span class='ocr_line' id='line_1_8' title="bbox 497 700 1753 752; baseline -0.001 -13"><span class='ocrx_word' id='word_1_52' title='bbox 497 700 598 739; x_wconf 89' lang='lat' dir='ltr'>citer</span> <span class='ocrx_word' id='word_1_53' title='bbox 649 703 942 741; x_wconf 77' lang='lat' dir='ltr'>diametrorum</span> <span class='ocrx_word' id='word_1_54' title='bbox 978 700 1185 741; x_wconf 83' lang='lat' dir='ltr'>luna-rium</span> <span class='ocrx_word' id='word_1_55' title='bbox 1221 701 1266 740; x_wconf 83' lang='lat' dir='ltr'>ab</span> <span class='ocrx_word' id='word_1_56' title='bbox 1301 700 1467 750; x_wconf 80' lang='lat' dir='ltr'>halone,</span> <span class='ocrx_word' id='word_1_57' title='bbox 1499 700 1753 752; x_wconf 85' lang='lat' dir='ltr'>segmentum</span> 
     </span>
     <span class='ocr_line' id='line_1_9' title="bbox 495 762 1754 817; baseline -0.002 -13"><span class='ocrx_word' id='word_1_58' title='bbox 495 762 653 808; x_wconf 76' lang='lat' dir='ltr'>hulonis</span> <span class='ocrx_word' id='word_1_59' title='bbox 699 765 852 805; x_wconf 82' lang='lat' dir='ltr'>lucidae</span> <span class='ocrx_word' id='word_1_60' title='bbox 876 796 887 815; x_wconf 91' lang='lat'>,</span> <span class='ocrx_word' id='word_1_61' title='bbox 940 768 1136 806; x_wconf 86' lang='lat' dir='ltr'>cornubus</span> <span class='ocrx_word' id='word_1_62' title='bbox 1167 765 1324 806; x_wconf 89' lang='lat' dir='ltr'>sursum</span> <span class='ocrx_word' id='word_1_63' title='bbox 1357 764 1480 805; x_wconf 78' lang='lat' dir='ltr'>versis</span> <span class='ocrx_word' id='word_1_64' title='bbox 1515 765 1557 804; x_wconf 88' lang='lat' dir='ltr'>iu</span> <span class='ocrx_word' id='word_1_65' title='bbox 1590 763 1754 817; x_wconf 89' lang='lat' dir='ltr'>conspe-</span> 
     </span>
     <span class='ocr_line' id='line_1_10' title="bbox 496 827 1755 883; baseline -0.001 -15"><span class='ocrx_word' id='word_1_66' title='bbox 496 827 610 868; x_wconf 68' lang='lat' dir='ltr'>(tum</span> <span class='ocrx_word' id='word_1_67' title='bbox 662 829 852 870; x_wconf 77' lang='lat' dir='ltr'>veniebat.</span> <span class='ocrx_word' id='word_1_68' title='bbox 936 829 1018 868; x_wconf 77' lang='lat' dir='ltr'>Hac</span> <span class='ocrx_word' id='word_1_69' title='bbox 1069 831 1165 869; x_wconf 24' lang='lat' dir='ltr'>&#39;facie</span> <span class='ocrx_word' id='word_1_70' title='bbox 1208 829 1536 881; x_wconf 84' lang='lat' dir='ltr'>phaenomenum</span> <span class='ocrx_word' id='word_1_71' title='bbox 1571 839 1642 883; x_wconf 89' lang='lat' dir='ltr'>per</span> <span class='ocrx_word' id='word_1_72' title='bbox 1676 837 1755 867; x_wconf 81' lang='lat' dir='ltr'>tres</span> 
     </span>
     <span class='ocr_line' id='line_1_11' title="bbox 494 890 1755 945; baseline -0.001 -14"><span class='ocrx_word' id='word_1_73' title='bbox 494 890 617 932; x_wconf 84' lang='lat' dir='ltr'>horae</span> <span class='ocrx_word' id='word_1_74' title='bbox 669 894 903 945; x_wconf 78' lang='lat' dir='ltr'>quadrantes</span> <span class='ocrx_word' id='word_1_75' title='bbox 953 893 1170 945; x_wconf 78' lang='lat' dir='ltr'>adparuit,</span> <span class='ocrx_word' id='word_1_76' title='bbox 1224 891 1311 931; x_wconf 85' lang='lat' dir='ltr'>luce</span> <span class='ocrx_word' id='word_1_77' title='bbox 1364 900 1500 931; x_wconf 79' lang='lat' dir='ltr'>tamen</span> <span class='ocrx_word' id='word_1_78' title='bbox 1542 893 1755 944; x_wconf 76' lang='lat' dir='ltr'>Vtriusque</span> 
     </span>
     <span class='ocr_line' id='line_1_12' title="bbox 492 953 1753 1011; baseline 0.002 -17"><span class='ocrx_word' id='word_1_79' title='bbox 492 953 728 1011; x_wconf 77' lang='lat' dir='ltr'>paraseleues</span> <span class='ocrx_word' id='word_1_80' title='bbox 760 953 1006 996; x_wconf 75' lang='lat' dir='ltr'>vinidiffima</span> <span class='ocrx_word' id='word_1_81' title='bbox 1041 957 1139 997; x_wconf 68' lang='lat' dir='ltr'>facta</span> <span class='ocrx_word' id='word_1_82' title='bbox 1173 953 1244 996; x_wconf 82' lang='lat' dir='ltr'>hac</span> <span class='ocrx_word' id='word_1_83' title='bbox 1278 954 1433 1001; x_wconf 82' lang='lat' dir='ltr'>ratione</span> <span class='ocrx_word' id='word_1_84' title='bbox 1455 986 1465 1005; x_wconf 87' lang='lat'>,</span> <span class='ocrx_word' id='word_1_85' title='bbox 1515 964 1562 994; x_wconf 78' lang='lat' dir='ltr'>vt</span> <span class='ocrx_word' id='word_1_86' title='bbox 1613 957 1753 996; x_wconf 79' lang='lat' dir='ltr'>dextra</span> 
     </span>
     <span class='ocr_line' id='line_1_13' title="bbox 492 1018 1757 1073; baseline 0.001 -16"><span class='ocrx_word' id='word_1_87' title='bbox 492 1029 690 1073; x_wconf 81' lang='lat' dir='ltr'>perpetuo</span> <span class='ocrx_word' id='word_1_88' title='bbox 746 1018 921 1061; x_wconf 75' lang='lat' dir='ltr'>‘lucidior</span> <span class='ocrx_word' id='word_1_89' title='bbox 953 1020 1043 1059; x_wconf 76' lang='lat' dir='ltr'>esset</span> <span class='ocrx_word' id='word_1_90' title='bbox 1067 1051 1078 1071; x_wconf 93' lang='lat'>,</span> <span class='ocrx_word' id='word_1_91' title='bbox 1118 1028 1158 1060; x_wconf 88' lang='lat' dir='ltr'>et</span> <span class='ocrx_word' id='word_1_92' title='bbox 1193 1021 1352 1060; x_wconf 77' lang='lat' dir='ltr'>tandem</span> <span class='ocrx_word' id='word_1_93' title='bbox 1389 1018 1647 1059; x_wconf 78' lang='lat' dir='ltr'>viuidiflimis</span> <span class='ocrx_word' id='word_1_94' title='bbox 1679 1019 1757 1058; x_wconf 84' lang='lat' dir='ltr'>iri-</span> 
     </span>
     <span class='ocr_line' id='line_1_14' title="bbox 494 1082 1754 1134; baseline 0 -13"><span class='ocrx_word' id='word_1_95' title='bbox 494 1083 555 1128; x_wconf 78' lang='lat' dir='ltr'>dis</span> <span class='ocrx_word' id='word_1_96' title='bbox 587 1082 784 1123; x_wconf 88' lang='lat' dir='ltr'>coloribus</span> <span class='ocrx_word' id='word_1_97' title='bbox 817 1083 1069 1133; x_wconf 82' lang='lat' dir='ltr'>coruscaret,</span> <span class='ocrx_word' id='word_1_98' title='bbox 1110 1095 1209 1134; x_wconf 87' lang='lat' dir='ltr'>quos</span> <span class='ocrx_word' id='word_1_99' title='bbox 1242 1092 1282 1122; x_wconf 89' lang='lat' dir='ltr'>et</span> <span class='ocrx_word' id='word_1_100' title='bbox 1313 1083 1448 1127; x_wconf 78' lang='lat' dir='ltr'>fasciae</span> <span class='ocrx_word' id='word_1_101' title='bbox 1482 1082 1635 1123; x_wconf 82' lang='lat' dir='ltr'>lucidae</span> <span class='ocrx_word' id='word_1_102' title='bbox 1667 1082 1754 1121; x_wconf 87' lang='lat' dir='ltr'>eius</span> 
     </span>
     <span class='ocr_line' id='line_1_15' title="bbox 490 1144 1753 1198; baseline 0 -12"><span class='ocrx_word' id='word_1_103' title='bbox 490 1144 626 1187; x_wconf 83' lang='lat' dir='ltr'>lateris</span> <span class='ocrx_word' id='word_1_104' title='bbox 660 1146 699 1192; x_wconf 80' lang='lat' dir='ltr'>in</span> <span class='ocrx_word' id='word_1_105' title='bbox 731 1147 818 1192; x_wconf 77' lang='lat' dir='ltr'>satis</span> <span class='ocrx_word' id='word_1_106' title='bbox 851 1146 1016 1196; x_wconf 75' lang='lat' dir='ltr'>longam</span> <span class='ocrx_word' id='word_1_107' title='bbox 1046 1145 1275 1186; x_wconf 78' lang='lat' dir='ltr'>distantiam</span> <span class='ocrx_word' id='word_1_108' title='bbox 1320 1145 1564 1198; x_wconf 84' lang='lat' dir='ltr'>impertiuit.</span> <span class='ocrx_word' id='word_1_109' title='bbox 1631 1145 1753 1187; x_wconf 89' lang='lat' dir='ltr'>Tunc</span> 
     </span>
     <span class='ocr_line' id='line_1_16' title="bbox 492 1207 1753 1262; baseline 0.001 -13"><span class='ocrx_word' id='word_1_110' title='bbox 492 1220 533 1249; x_wconf 90' lang='lat' dir='ltr'>et</span> <span class='ocrx_word' id='word_1_111' title='bbox 568 1214 608 1250; x_wconf 90' lang='lat' dir='ltr'>in</span> <span class='ocrx_word' id='word_1_112' title='bbox 642 1212 845 1262; x_wconf 81' lang='lat' dir='ltr'>superiore</span> <span class='ocrx_word' id='word_1_113' title='bbox 879 1208 1036 1249; x_wconf 81' lang='lat' dir='ltr'>balonis</span> <span class='ocrx_word' id='word_1_114' title='bbox 1072 1219 1182 1262; x_wconf 76' lang='lat' dir='ltr'>parte</span> <span class='ocrx_word' id='word_1_115' title='bbox 1215 1222 1235 1249; x_wconf 93' lang='lat' dir='ltr'>e</span> <span class='ocrx_word' id='word_1_116' title='bbox 1271 1208 1425 1249; x_wconf 58' lang='lat' dir='ltr'>directo</span> <span class='ocrx_word' id='word_1_117' title='bbox 1467 1208 1585 1250; x_wconf 80' lang='lat' dir='ltr'>lunae</span> <span class='ocrx_word' id='word_1_118' title='bbox 1635 1207 1753 1250; x_wconf 82' lang='lat' dir='ltr'>halo-</span> 
     </span>
     <span class='ocr_line' id='line_1_17' title="bbox 492 1271 1753 1326; baseline 0.002 -14"><span class='ocrx_word' id='word_1_119' title='bbox 492 1273 553 1312; x_wconf 77' lang='lat' dir='ltr'>nis</span> <span class='ocrx_word' id='word_1_120' title='bbox 590 1275 753 1319; x_wconf 75' lang='lat' dir='ltr'>maioris</span> <span class='ocrx_word' id='word_1_121' title='bbox 785 1284 896 1320; x_wconf 75' lang='lat' dir='ltr'>arcus</span> <span class='ocrx_word' id='word_1_122' title='bbox 928 1271 1044 1310; x_wconf 87' lang='lat' dir='ltr'>debili</span> <span class='ocrx_word' id='word_1_123' title='bbox 1081 1282 1215 1312; x_wconf 80' lang='lat' dir='ltr'>tamen</span> <span class='ocrx_word' id='word_1_124' title='bbox 1250 1273 1336 1314; x_wconf 87' lang='lat' dir='ltr'>luce</span> <span class='ocrx_word' id='word_1_125' title='bbox 1355 1273 1589 1326; x_wconf 85' lang='lat' dir='ltr'>conspicuus</span> <span class='ocrx_word' id='word_1_126' title='bbox 1610 1304 1621 1324; x_wconf 89' lang='lat'>,</span> <span class='ocrx_word' id='word_1_127' title='bbox 1654 1286 1753 1314; x_wconf 88' lang='lat' dir='ltr'>con-</span> 
     </span>
     <span class='ocr_line' id='line_1_18' title="bbox 491 1334 1752 1388; baseline -0.002 -12"><span class='ocrx_word' id='word_1_128' title='bbox 491 1347 594 1377; x_wconf 63' lang='lat' dir='ltr'>vexa</span> <span class='ocrx_word' id='word_1_129' title='bbox 626 1337 682 1377; x_wconf 80' lang='lat' dir='ltr'>sni</span> <span class='ocrx_word' id='word_1_130' title='bbox 717 1345 828 1388; x_wconf 73' lang='lat' dir='ltr'>parte</span> <span class='ocrx_word' id='word_1_131' title='bbox 863 1334 1001 1375; x_wconf 79' lang='lat' dir='ltr'>haloni</span> <span class='ocrx_word' id='word_1_132' title='bbox 1051 1337 1267 1386; x_wconf 80' lang='lat' dir='ltr'>contiguus</span> <span class='ocrx_word' id='word_1_133' title='bbox 1318 1337 1512 1388; x_wconf 76' lang='lat' dir='ltr'>prodibat.</span> <span class='ocrx_word' id='word_1_134' title='bbox 1601 1338 1752 1378; x_wconf 77' lang='lat' dir='ltr'>Fasciae</span> 
     </span>
     <span class='ocr_line' id='line_1_19' title="bbox 489 1397 1751 1455; baseline -0.004 -16"><span class='ocrx_word' id='word_1_135' title='bbox 489 1397 647 1440; x_wconf 86' lang='lat' dir='ltr'>lucidae</span> <span class='ocrx_word' id='word_1_136' title='bbox 683 1398 920 1453; x_wconf 72' lang='lat' dir='ltr'>paralelenes</span> <span class='ocrx_word' id='word_1_137' title='bbox 951 1398 1165 1454; x_wconf 67' lang='lat' dir='ltr'>vti-‘iusque</span> <span class='ocrx_word' id='word_1_138' title='bbox 1199 1398 1333 1437; x_wconf 74' lang='lat' dir='ltr'>lateris</span> <span class='ocrx_word' id='word_1_139' title='bbox 1374 1399 1602 1451; x_wconf 80' lang='lat' dir='ltr'>10ngiffime</span> <span class='ocrx_word' id='word_1_140' title='bbox 1653 1414 1751 1455; x_wconf 81' lang='lat' dir='ltr'>pro-</span> 
     </span>
     <span class='ocr_line' id='line_1_20' title="bbox 489 1460 1749 1515; baseline 0.002 -12"><span class='ocrx_word' id='word_1_141' title='bbox 489 1465 750 1507; x_wconf 81' lang='lat' dir='ltr'>tendebantur</span> <span class='ocrx_word' id='word_1_142' title='bbox 775 1493 786 1511; x_wconf 86' lang='lat'>,</span> <span class='ocrx_word' id='word_1_143' title='bbox 836 1471 875 1501; x_wconf 89' lang='lat' dir='ltr'>et</span> <span class='ocrx_word' id='word_1_144' title='bbox 902 1469 1043 1504; x_wconf 82' lang='lat' dir='ltr'>totum</span> <span class='ocrx_word' id='word_1_145' title='bbox 1077 1460 1238 1501; x_wconf 85' lang='lat' dir='ltr'>coelum</span> <span class='ocrx_word' id='word_1_146' title='bbox 1271 1462 1470 1514; x_wconf 85' lang='lat' dir='ltr'>cingentes</span> <span class='ocrx_word' id='word_1_147' title='bbox 1491 1494 1502 1515; x_wconf 98' lang='lat'>,</span> <span class='ocrx_word' id='word_1_148' title='bbox 1555 1461 1749 1506; x_wconf 79' lang='lat' dir='ltr'>halouem</span> 
     </span>
     <span class='ocr_line' id='line_1_21' title="bbox 488 1524 1748 1581; baseline 0.002 -14"><span class='ocrx_word' id='word_1_149' title='bbox 488 1527 657 1581; x_wconf 82' lang='lat' dir='ltr'>denique</span> <span class='ocrx_word' id='word_1_150' title='bbox 691 1525 857 1566; x_wconf 73' lang='lat' dir='ltr'>alteram</span> <span class='ocrx_word' id='word_1_151' title='bbox 895 1524 1147 1574; x_wconf 80' lang='lat' dir='ltr'>formabant,</span> <span class='ocrx_word' id='word_1_152' title='bbox 1181 1525 1222 1563; x_wconf 84' lang='lat' dir='ltr'>in</span> <span class='ocrx_word' id='word_1_153' title='bbox 1257 1537 1333 1578; x_wconf 82' lang='lat' dir='ltr'>qua</span> <span class='ocrx_word' id='word_1_154' title='bbox 1368 1527 1469 1565; x_wconf 80' lang='lat' dir='ltr'>duae</span> <span class='ocrx_word' id='word_1_155' title='bbox 1505 1527 1748 1578; x_wconf 84' lang='lat' dir='ltr'>parasele-nae</span> 
     </span>
     <span class='ocr_line' id='line_1_22' title="bbox 489 1586 1748 1644; baseline 0.003 -15"><span class='ocrx_word' id='word_1_156' title='bbox 489 1586 595 1644; x_wconf 79' lang='lat' dir='ltr'>(bb)</span> <span class='ocrx_word' id='word_1_157' title='bbox 654 1602 674 1629; x_wconf 83' lang='lat' dir='ltr'>a</span> <span class='ocrx_word' id='word_1_158' title='bbox 724 1587 926 1644; x_wconf 82' lang='lat' dir='ltr'>prioribus</span> <span class='ocrx_word' id='word_1_159' title='bbox 979 1588 1179 1629; x_wconf 59' lang='lat' dir='ltr'>distinctae</span> <span class='ocrx_word' id='word_1_160' title='bbox 1214 1587 1340 1641; x_wconf 82' lang='lat' dir='ltr'>iisque</span> <span class='ocrx_word' id='word_1_161' title='bbox 1373 1602 1423 1628; x_wconf 82' lang='lat' dir='ltr'>ex</span> <span class='ocrx_word' id='word_1_162' title='bbox 1457 1590 1620 1631; x_wconf 84' lang='lat' dir='ltr'>aduerso</span> <span class='ocrx_word' id='word_1_163' title='bbox 1653 1592 1748 1633; x_wconf 86' lang='lat' dir='ltr'>fitae</span> 
     </span>
     <span class='ocr_line' id='line_1_23' title="bbox 486 1647 1747 1710; baseline 0.002 -16"><span class='ocrx_word' id='word_1_164' title='bbox 486 1647 859 1709; x_wconf 78' lang='lat' dir='ltr'>conspiciebantur,</span> <span class='ocrx_word' id='word_1_165' title='bbox 907 1664 949 1691; x_wconf 86' lang='lat' dir='ltr'>ea</span> <span class='ocrx_word' id='word_1_166' title='bbox 983 1653 1148 1705; x_wconf 78' lang='lat' dir='ltr'>quidem</span> <span class='ocrx_word' id='word_1_167' title='bbox 1186 1652 1321 1693; x_wconf 88' lang='lat' dir='ltr'>multo</span> <span class='ocrx_word' id='word_1_168' title='bbox 1368 1653 1596 1705; x_wconf 81' lang='lat' dir='ltr'>lucidiore,</span> <span class='ocrx_word' id='word_1_169' title='bbox 1646 1668 1747 1710; x_wconf 88' lang='lat' dir='ltr'>quae</span> 
     </span>
     <span class='ocr_line' id='line_1_24' title="bbox 489 1715 1746 1773; baseline 0.002 -15"><span class='ocrx_word' id='word_1_170' title='bbox 489 1721 604 1772; x_wconf 82' lang='lat' dir='ltr'>prius</span> <span class='ocrx_word' id='word_1_171' title='bbox 637 1719 864 1759; x_wconf 72' lang='lat' dir='ltr'>nominatae</span> <span class='ocrx_word' id='word_1_172' title='bbox 897 1715 1086 1758; x_wconf 78' lang='lat' dir='ltr'>lucidiori</span> <span class='ocrx_word' id='word_1_173' title='bbox 1121 1717 1308 1771; x_wconf 87' lang='lat' dir='ltr'>proprior</span> <span class='ocrx_word' id='word_1_174' title='bbox 1340 1728 1425 1758; x_wconf 80' lang='lat' dir='ltr'>erat</span> <span class='ocrx_word' id='word_1_175' title='bbox 1445 1749 1455 1769; x_wconf 91' lang='lat'>,</span> <span class='ocrx_word' id='word_1_176' title='bbox 1486 1720 1597 1773; x_wconf 85' lang='lat' dir='ltr'>quod</span> <span class='ocrx_word' id='word_1_177' title='bbox 1633 1728 1672 1760; x_wconf 91' lang='lat' dir='ltr'>et</span> <span class='ocrx_word' id='word_1_178' title='bbox 1697 1722 1746 1762; x_wconf 82' lang='lat' dir='ltr'>de</span> 
     </span>
     <span class='ocr_line' id='line_1_25' title="bbox 490 1779 1745 1835; baseline 0.002 -13"><span class='ocrx_word' id='word_1_179' title='bbox 490 1782 638 1831; x_wconf 83' lang='lat' dir='ltr'>halone</span> <span class='ocrx_word' id='word_1_180' title='bbox 671 1794 732 1822; x_wconf 85' lang='lat' dir='ltr'>eas</span> <span class='ocrx_word' id='word_1_181' title='bbox 766 1779 992 1821; x_wconf 85' lang='lat' dir='ltr'>includente</span> <span class='ocrx_word' id='word_1_182' title='bbox 1027 1782 1245 1821; x_wconf 76' lang='lat' dir='ltr'>tenendum</span> <span class='ocrx_word' id='word_1_183' title='bbox 1269 1812 1280 1832; x_wconf 88' lang='lat'>‚</span> <span class='ocrx_word' id='word_1_184' title='bbox 1332 1784 1539 1835; x_wconf 80' lang='lat' dir='ltr'>regionem</span> <span class='ocrx_word' id='word_1_185' title='bbox 1594 1781 1745 1825; x_wconf 75' lang='lat' dir='ltr'>lucidae</span> 
     </span>
     <span class='ocr_line' id='line_1_26' title="bbox 488 1844 1801 1899; baseline 0.002 -13"><span class='ocrx_word' id='word_1_186' title='bbox 488 1844 730 1899; x_wconf 74' lang='lat' dir='ltr'>paraselenae</span> <span class='ocrx_word' id='word_1_187' title='bbox 766 1847 1000 1899; x_wconf 84' lang='lat' dir='ltr'>propio-rem</span> <span class='ocrx_word' id='word_1_188' title='bbox 1036 1845 1172 1886; x_wconf 87' lang='lat' dir='ltr'>multo</span> <span class='ocrx_word' id='word_1_189' title='bbox 1205 1845 1326 1886; x_wconf 74' lang='lat' dir='ltr'>altera</span> <span class='ocrx_word' id='word_1_190' title='bbox 1358 1847 1610 1898; x_wconf 84' lang='lat' dir='ltr'>lucidiorem,</span> <span class='ocrx_word' id='word_1_191' title='bbox 1640 1846 1740 1888; x_wconf 79' lang='lat' dir='ltr'>alte·</span> <span class='ocrx_word' id='word_1_192' title='bbox 1792 1879 1801 1883; x_wconf 72' lang='grc'><strong>-</strong></span> 
     </span>
     <span class='ocr_line' id='line_1_27' title="bbox 486 1909 1740 1966; baseline 0.002 -15"><span class='ocrx_word' id='word_1_193' title='bbox 486 1922 578 1951; x_wconf 74' lang='lat' dir='ltr'>ram</span> <span class='ocrx_word' id='word_1_194' title='bbox 611 1918 747 1950; x_wconf 85' lang='lat' dir='ltr'>autem</span> <span class='ocrx_word' id='word_1_195' title='bbox 779 1909 852 1949; x_wconf 85' lang='lat' dir='ltr'>vix</span> <span class='ocrx_word' id='word_1_196' title='bbox 893 1910 1161 1962; x_wconf 80' lang='lat' dir='ltr'>conspicuam.</span> <span class='ocrx_word' id='word_1_197' title='bbox 1258 1910 1363 1951; x_wconf 76' lang='lat' dir='ltr'>Haec</span> <span class='ocrx_word' id='word_1_198' title='bbox 1415 1923 1487 1966; x_wconf 83' lang='lat' dir='ltr'>per</span> <span class='ocrx_word' id='word_1_199' title='bbox 1539 1912 1740 1964; x_wconf 83' lang='lat' dir='ltr'>integram</span> 
     </span>
     <span class='ocr_line' id='line_1_28' title="bbox 485 1973 1741 2030; baseline 0.002 -15"><span class='ocrx_word' id='word_1_200' title='bbox 485 1973 633 2015; x_wconf 76' lang='lat' dir='ltr'>horam</span> <span class='ocrx_word' id='word_1_201' title='bbox 666 1973 835 2026; x_wconf 85' lang='lat' dir='ltr'>conspici</span> <span class='ocrx_word' id='word_1_202' title='bbox 872 1982 1082 2027; x_wconf 79' lang='lat' dir='ltr'>poterant,</span> <span class='ocrx_word' id='word_1_203' title='bbox 1113 1975 1234 2015; x_wconf 87' lang='lat' dir='ltr'>donec</span> <span class='ocrx_word' id='word_1_204' title='bbox 1264 1976 1400 2016; x_wconf 84' lang='lat' dir='ltr'>omnia</span> <span class='ocrx_word' id='word_1_205' title='bbox 1435 1984 1589 2030; x_wconf 87' lang='lat' dir='ltr'>praeter</span> <span class='ocrx_word' id='word_1_206' title='bbox 1622 1975 1741 2018; x_wconf 85' lang='lat' dir='ltr'>halo-</span> 
     </span>
     <span class='ocr_line' id='line_1_29' title="bbox 481 2035 1738 2093; baseline -0.001 -13"><span class='ocrx_word' id='word_1_207' title='bbox 481 2051 579 2085; x_wconf 70' lang='lat' dir='ltr'>mem</span> <span class='ocrx_word' id='word_1_208' title='bbox 629 2035 749 2078; x_wconf 86' lang='lat' dir='ltr'>lunae</span> <span class='ocrx_word' id='word_1_209' title='bbox 799 2038 1088 2082; x_wconf 82' lang='lat' dir='ltr'>concentricam</span> <span class='ocrx_word' id='word_1_210' title='bbox 1111 2069 1123 2092; x_wconf 93' lang='lat'>,</span> <span class='ocrx_word' id='word_1_211' title='bbox 1171 2039 1385 2093; x_wconf 79' lang='lat' dir='ltr'>paullatim</span> <span class='ocrx_word' id='word_1_212' title='bbox 1429 2040 1706 2083; x_wconf 58' lang='lat' dir='ltr'>evanescerent</span> <span class='ocrx_word' id='word_1_213' title='bbox 1725 2070 1738 2093; x_wconf 80' lang='lat'><strong><em>‚</em></strong></span> 
     </span>
    </p>

    <p class='ocr_par' dir='ltr' id='par_1_3' title="bbox 1633 2115 1734 2165">
     <span class='ocr_line' id='line_1_30' title="bbox 1633 2115 1734 2165; baseline -0.02 -15"><span class='ocrx_word' id='word_1_214' title='bbox 1633 2115 1734 2165; x_wconf 72' lang='lat' dir='ltr'>quas</span> 
     </span>
    </p>
   </div>
  </div>
 </body>
</html>
