1856 2653
473 198 562 243 381-
897 188 1012 242 »ᾒέ
1044 186 1059 246 )
1093 201 1120 231 0
1156 186 1172 246 (
1202 188 1316 242 &3²30-

744 301 1456 348 OBSERVATIONVM

474 394 1722 457 METEOROLOGICARVM

472 519 791 561 PETROPOLI
820 517 1148 562 FACTARVM
1174 518 1437 563 EPITOME
1463 516 1572 560 PER
1603 515 1724 560 SIN-

470 581 659 626 GVLOS
712 583 942 627 MENSES
987 582 1145 624 ANNI
1194 581 1523 626 MDCCLXIII.
1556 581 1637 623 ST.
1671 583 1725 625 V,

533 646 661 690 CVM
688 648 915 693 CONSEC
924 647 1113 689 TARIIS
1134 679 1145 699 ,
1163 649 1240 691 ET
1259 647 1326 690 IN
1345 645 1454 690 EAS
1469 645 1665 690 CONSI-

873 711 1331 757 DERATloNIBVS.

957 841 1240 883 Auctore

755 950 795 995 1.
858 952 908 996 A.
971 950 1439 995 BRAVNIO.

466 1075 698 1192 Harum
730 1085 1057 1127 obseruationum
1094 1084 1506 1134 meteorologicarum
1547 1082 1729 1138 epitome

606 1149 746 1190 eodem
795 1150 920 1191 modo
968 1150 1021 1191 est
1068 1148 1243 1190 confecta
1265 1178 1277 1199 ‚
1339 1148 1402 1186 vti
1450 1149 1730 1190 antecedentes.

466 1214 730 1254 Praemonere
775 1213 906 1266 igitur
957 1212 1089 1255 multa
1142 1213 1191 1253 de
1239 1210 1438 1254 Methodo
1497 1221 1539 1253 et
1587 1213 1729 1254 ordine

466 1289 591 1330 quem
625 1278 667 1317 in
703 1275 807 1316 hisce
841 1277 1179 1319 obseruationibus
1210 1275 1485 1328 consignandis
1504 1278 1731 1330 tenuimus,

467 1342 807 1393 superuacaneum
839 1343 1011 1381 omnino
1043 1339 1137 1379 effct
1170 1340 1425 1380 censendum.
1500 1340 1614 1380 Idem
1648 1342 1731 1383 Ba-

467 1413 702 1444 rometrum
732 1402 905 1456 fim-plex
937 1402 1166 1443 adhibitum
1198 1403 1253 1442 est
1272 1433 1284 1452 ‚
1332 1401 1447 1441 cuius
1498 1402 1727 1444 altitudines

466 1468 509 1508 in
544 1466 755 1520 pollicibus
789 1467 900 1519 pedis
934 1463 1153 1519 parifienfis
1203 1463 1419 1513 adnotate,
1468 1465 1729 1519 eiusdemque

467 1529 627 1585 pollicis
661 1529 841 1584 partibus
872 1529 1099 1571 centesimis
1152 1527 1257 1568 sunt.
1354 1527 1515 1568 Priores
1565 1531 1730 1572 numeri

467 1603 559 1635 ante
591 1593 793 1650 pund‘cum
845 1593 963 1647 positi
1017 1591 1216 1648 pollices·⁷
1268 1599 1309 1631 et
1358 1592 1593 1646 posteriores
1643 1596 1728 1648 post

467 1660 670 1715 punstum
692 1688 707 1710 ,
739 1667 866 1712 partes
901 1657 1062 1713 pollicis
1091 1654 1322 1696 centefimas
1354 1657 1540 1699 indicant.
1593 1657 1731 1701 Ther-

467 1734 679 1764 mometro
711 1734 872 1777 quoque
903 1724 1047 1765 eodem
1081 1720 1141 1761 vsi
1174 1721 1312 1761 sumus
1344 1720 1537 1764 deliliano
1558 1752 1570 1772 ,
1612 1723 1729 1764 cuius

466 1788 565 1829 scala
600 1788 687 1830 satis
719 1796 812 1828 nota
832 1819 844 1839 ,
876 1788 917 1828 in
951 1800 1029 1842 qua
1062 1785 1207 1828 scilicet
1239 1783 1348 1828 calor
1381 1798 1505 1841 aquae
1550 1785 1726 1828 bullien-

468 1851 521 1893 tis
574 1865 645 1908 per
693 1850 895 1907 Ciphram
919 1883 930 1903 ‚
979 1861 1021 1893 et
1065 1851 1267 1893 Pumstum
1317 1851 1604 1905 congelationis
1653 1864 1726 1906 per

467 1927 690 1958 numerum
728 1929 831 1965 150.
867 1916 1108 1958 indicantur.
1185 1915 1491 1958 obseruationes
1538 1915 1726 1957 barome-

469 1981 592 2021 tricae
621 1991 663 2022 et
695 1981 1050 2022 thermometricae
1079 1973 1220 2022 eodem
1252 1981 1329 2022 diei
1371 1990 1554 2035 tempore
1603 1979 1725 2022 fidiae

467 2045 592 2099 sunt,
623 2055 663 2090 et
695 2045 739 2089 in
768 2046 906 2089 eadem
936 2046 1179 2099 altitudine,
1211 2056 1313 2101 quae
1345 2045 1425 2088 fuit
1456 2044 1617 2087 circiter
1654 2055 1726 2084 20.

1571 2109 1725 2165 pedum
