1856 2653
342 194 847 245 DESCRIPTIO
899 193 1097 237 ενοι.
1251 207 1340 247 μς

101 327 200 358 rum
259 314 383 357 etiam
431 310 644 354 meliorem
691 310 778 349 eius
826 306 1133 351 delineationem
1166 337 1177 356 ‚
1226 319 1348 360 quam

105 379 314 436 Mortsonus
362 375 599 418 exhibuerat
619 405 631 427 ‚
685 374 994 428 suppeditarem.
1091 370 1163 412 Est
1213 380 1350 411 autem

104 444 200 485 haec
234 442 379 497 planta:

105 565 164 628 F
164 584 291 624 uem
341 562 608 621 foliaceus
630 605 647 630 ,
712 556 999 617 frondibus
1062 553 1356 614 fruffican-
1383 542 1563 641 {iz-³⁶2¹}-

121 651 125 655 ’
195 650 339 706 tibus
381 646 665 729 papillatiS.

109 802 220 837 Fucus
247 798 363 834 fronde
390 798 579 834 dichotoma
604 799 700 846 plana
726 799 877 843 integra:
919 791 1064 840 apicibus
1095 790 1201 826 bifidis
1237 790 1361 826 veficu·

102 850 105 851 ⁷
207 848 291 884 lofis.
356 847 450 883 Linn.
490 849 537 882 Fl.
575 850 683 895 Lapp.
726 849 811 892 465.
852 844 901 881 Fl.
930 846 1027 877 Suec.
1059 854 1163 889 ¹005·
1191 844 1286 889 Spee.
1314 841 1360 876 Pl.

213 902 261 934 T.
288 900 331 933 11.
359 911 392 945 p.
423 906 531 943 1157.
554 908 608 931 no,
637 909 671 942 3.
699 895 939 940 (ceranoides).

111 981 223 1020 Fueus
251 985 383 1021 humilis
410 987 619 1023 dichotomus
650 986 868 1026 cei-anoides,
906 983 1076 1020 latioribus
1101 982 1202 1020 foliis,
1227 982 1363 1029 vtpluti·

210 1048 303 1071 mum
328 1037 521 1073 verrucofis.
550 1036 666 1082 Moris.
692 1036 763 1072 hist.
790 1039 851 1071 111.
878 1048 913 1084 p.
940 1036 1023 1078 646.
1050 1032 1071 1068 s.
1102 1044 1159 1079 15.
1175 1039 1198 1067 t.
1217 1039 1248 1073 8.
1264 1032 1286 1067 f.
1306 1043 1364 1078 13.

486 1165 999 1212 DESCRIPTIO.
1392 1150 1576 1248 Τὲξὲῗζζῐξ·

252 1275 386 1317 Cauiis
417 1271 446 1330 †
497 1275 696 1328 perbreuis
748 1271 863 1329 (fine
913 1274 1034 1315 dubio
1087 1273 1371 1329 mutilatus),
1420 1292 1438 1333 ss
1464 1303 1494 1326 a.

116 1339 272 1389 tenuis,
308 1349 433 1388 teres,
472 1338 635 1378 obscure
667 1338 797 1376 fuscus
817 1367 828 1388 ,
861 1338 902 1376 in
939 1337 1092 1377 frondes
1124 1333 1153 1392 †
1185 1337 1370 1378 definens.
1397 1363 1413 1404 †
1440 1362 1469 1396 b.
1484 1363 1554 1397 bd.

115 1399 288 1441 Frondes
322 1414 344 1441 e
377 1400 489 1440 caule
523 1397 734 1454 promiffie
775 1401 932 1440 circiter
984 1402 1176 1441 tredecim
1195 1431 1207 1452 ,
1257 1401 1373 1442 valde
1398 1420 1463 1446 etc.

117 1462 188 1503 sibi
221 1464 527 1517 approximame
548 1492 560 1512 ‚
595 1460 779 1501 foliaceae
798 1491 810 1512 ‚
842 1463 992 1514 rigidae
1014 1494 1024 1514 ,
1065 1463 1222 1514 fragiles
1244 1495 1256 1512 ‚
1306 1477 1373 1505 ae-

119 1526 213 1565 tatis
246 1536 286 1566 et
322 1524 608 1577 magnitudinis
639 1524 813 1565 diuersae
833 1557 844 1576 ‚
877 1526 1025 1568 coloris
1056 1537 1078 1564 e
1110 1526 1217 1567 fusco
1250 1526 1372 1580 nigri-

119 1598 234 1629 cante
282 1598 322 1629 et
371 1600 392 1627 e
439 1589 568 1629 bruno
618 1588 850 1629 flauescente
891 1590 1098 1641 variegati.
1196 1584 1323 1632 Color
1353 1603 1376 1631 e

122 1653 237 1694 fusco
266 1653 459 1704 nigricans
492 1652 533 1692 in
568 1650 701 1705 planta
735 1651 818 1693 luci
856 1654 1017 1694 obuersa
1049 1653 1144 1694 hinc
1193 1663 1233 1695 et
1285 1656 1376 1696 inde

125 1717 196 1758 sub
227 1716 406 1756 violaceo
439 1718 745 1769 purpurascente
777 1727 953 1771 apparet.
1034 1715 1244 1773 Quaelibet
1285 1717 1377 1759 illa·
1519 1761 1523 1764 Α

125 1789 226 1820 rum
257 1792 282 1819 e
313 1777 545 1836 petiolo·†‚
578 1777 682 1821 cauli
717 1782 880 1822 craffitie
912 1793 992 1821 non
1025 1780 1207 1821 multum
1239 1782 1378 1836 ceden-
1430 1789 1522 1833 ’ses

119 1852 170 1883 -te
190 1875 202 1894 ,
237 1843 418 1884 subtereti
441 1875 452 1894 ,
492 1843 630 1884 senfim
667 1844 816 1886 latescit
837 1876 848 1896 ‚
899 1845 1020 1899 inque
1053 1844 1258 1886 foliaceam
1287 1838 1379 1886 *for*

133 1919 245 1947 mam
280 1908 522 1960 expanditur
542 1939 552 1959 ,
587 1908 677 1963 plus
709 1910 897 1950 minusue
927 1907 1166 1960 regularem.
1233 1908 1381 1950 Diuidi

134 1970 296 2024 poffunt
330 1970 401 2012 hae
435 1973 587 2013 frondes
621 1974 661 2013 in
695 1973 778 2014 duo
811 1972 1064 2027 potiffimum
1099 1984 1270 2024 genera:
1321 1971 1382 2014 al-

135 2043 271 2076 terum
306 2033 545 2075 tenellarum
574 2066 586 2085 ‚
612 2035 903 2090 glabrarumque
935 2032 985 2091 †‚
1017 2033 1192 2077 alterum
1225 2037 1383 2076 adulta-
1435 2031 1453 2073 †
1481 2030 1508 2065 d·
1535 2029 1564 2063 ὦ

195 2098 524 2141 Tom.XI.Nou.
538 2098 704 2142 Comm.
894 2099 932 2141 H
951 2099 981 2140 h
998 2097 1026 2138 h
1254 2110 1350 2141 rum
1371 2127 1386 2150 ,
