1856 2653
463 215 550 250 282
761 205 1383 248 ADMIRANDO

459 322 635 374 potiores
667 319 906 360 diffcrentiae
949 318 1319 372 phaeiiontenorum
1342 348 1354 366 ,
1387 329 1483 370 quas
1515 316 1620 358 mihi
1655 321 1699 361 in

455 386 578 438 captis
610 397 704 424 cum
740 384 1064 422 Thermometris
1097 383 1378 435 experimentis
1412 382 1616 422 obseruare
1650 384 1704 423 li·-

452 450 548 488 cuit.
613 449 689 488 Sed
720 447 967 487 instituimus
999 458 1159 499 quoque
1192 448 1299 499 alia,
1349 446 1413 484 vbi
1467 455 1512 485 vt
1563 446 1698 486 Ther-

453 519 655 552 mometr·.1
687 509 912 551 adhiberem
934 539 945 559 ‚
999 510 1139 562 scopus
1174 523 1253 549 non
1288 510 1552 563 permittebat.
1649 510 1700 550 Iu

452 574 790 625 congelationibus
825 572 1033 626 liquorum
1065 572 1302 625 aquosornm
1339 571 1588 625 superficiem
1611 572 1701 613 fieri

457 648 679 678 connexam
714 637 875 688 vulgari
908 638 1151 689 experientia
1183 637 1247 677 cui
1283 642 1361 676 n'on
1390 633 1562 675 constat?
1593 637 1700 690 quod

456 712 591 743 tamen
626 701 731 742 secus
763 702 815 741 est
849 702 889 739 in
924 698 1145 753 liquoribus'
1196 700 1336 740 oleosis
1357 730 1368 749 ‚
1419 701 1519 751 qui,
1570 699 1600 738 fi
1650 710 1702 739 ex

457 754 557 807 statu
590 763 797 804 fluiditatis
831 763 872 801 in
906 764 1048 803 statum
1068 763 1274 804 soliditatis
1291 764 1437 814 frigore
1455 762 1701 813 abeunt3su-

458 826 671 883 perficiem
706 840 784 867 non
810 836 1032 866 connexam
1061 828 1121 865 sed
1141 827 1282 878 paullo
1307 838 1522 866 concauam
1544 825 1703 877 habent,

461 901 510 934 vt
542 900 582 930 et
615 890 748 930 sebum
771 921 783 941 ,
813 900 899 929 cera
930 898 970 928 et
1004 889 1081 928 alia
1116 891 1335 929 monstrant
1356 919 1367 938 ,
1421 898 1461 928 et
1492 890 1598 941 quod
1631 887 1705 929 e‘x-

460 954 654 1009 perientia
688 952 867 1005 vulgaris
900 962 939 992 et
972 952 1190 993 artificialis
1223 953 1310 992 satis
1343 952 1502 996 docuit,
1534 951 1707 1004 sulphu-

459 1031 503 1058 re
534 1027 714 1069 excepto.
780 1018 818 1057 A
853 1017 977 1069 priori
1013 1028 1082 1069 per
1116 1017 1285 1055 rationes
1317 1014 1405 1055 satis
1437 1024 1594 1054 certum
1621 1016 1705 1054 iam

457 1081 533 1121 effe
565 1089 723 1133 poterat
743 1109 755 1129 ,
806 1080 1062 1120 Mercurium
1097 1079 1345 1130 superficiem
1382 1090 1597 1117 concauam
1631 1076 1707 1116 effe

460 1144 502 1184 in
551 1142 826 1193 congelatione
872 1142 1112 1179 induturum
1166 1148 1329 1193 propter
1364 1142 1708 1180 condensationem

461 1215 547 1246 tam
583 1205 781 1255 insignem
803 1235 814 1255 ‚
863 1201 986 1256 q'uam
1023 1203 1174 1254 patitur
1196 1234 1206 1254 ‚
1255 1203 1316 1243 vti
1352 1200 1513 1244 metalla
1553 1203 1709 1256 reliqua

460 1268 542 1309 fusa
563 1299 574 1318 ‚
621 1267 650 1307 fi
683 1268 837 1306 ferrum
862 1297 873 1316 ‚
924 1265 1177 1305 bismuthum
1211 1275 1251 1305 et
1283 1266 1556 1306 antimonium
1590 1278 1711 1307 exce-

464 1341 571 1385 peris
593 1359 603 1379 ,
654 1329 810 1381 quando
864 1329 997 1367 rursus
1030 1340 1080 1367 cx
1116 1329 1213 1367 statu
1249 1328 1458 1368 fluiditatis
1491 1330 1528 1368 in
1563 1330 1710 1370 statum

466 1393 673 1434 firmitatis
703 1400 814 1432 certo
844 1390 1005 1443 frigoris
1038 1391 1165 1442 gradu
1198 1391 1418 1442 transeunt,
1450 1391 1706 1444 superficiem

465 1468 684 1499 concauam
719 1456 881 1494 induere
913 1453 1068 1504 solent,
1118 1461 1160 1491 et
1194 1463 1360 1505 propter
1389 1455 1584 1495 maiorem
1618 1467 1710 1496 con-

466 1521 704 1561 tractionem
736 1526 777 1556 et
809 1516 1150 1557 condensationem
1184 1516 1334 1556 debent.
1435 1516 1536 1570 Cepi
1569 1520 1723 1563 tubum,

464 1582 834 1625 communicantem
867 1581 1048 1634 primum
1073 1611 1083 1631 ‚
1133 1580 1247 1618 cuius
1296 1580 1488 1619 diameter
1537 1580 1714 1623 duarum

468 1648 671 1688 linearum
704 1655 788 1684 erat
809 1676 820 1696 ,
854 1644 894 1683 in
930 1656 1050 1696 quem
1086 1642 1341 1684 Mercurium
1376 1643 1540 1693 infudi,
1572 1655 1619 1686 vt
1649 1645 1712 1686 al-

468 1712 603 1752 titudo
635 1711 808 1750 duarum
842 1706 1041 1747 linearum
1076 1705 1189 1759 esset,
1220 1718 1341 1759 quem
1375 1719 1505 1760 quum
1537 1707 1711 1748 immer-

467 1773 595 1815 sissem
627 1774 669 1812 in
703 1774 926 1811 mixturam
965 1771 1068 1810 niuis
1100 1779 1139 1810 et
1189 1771 1347 1824 spiritus
1399 1771 1527 1820 nitri;
1578 1772 1710 1812 obser-

467 1838 563 1879 vaui
598 1837 639 1876 in
673 1847 752 1875 vna
787 1835 982 1876 Mercurii
1015 1835 1270 1875 extremitate
1304 1835 1560 1878 Mercurium
1594 1835 1710 1889 plane

467 1899 578 1942 fuiffe
605 1897 860 1950 congelatum
881 1930 894 1951 ‚
939 1907 979 1939 et
1007 1897 1257 1951 superficiem
1309 1898 1417 1938 fuisse
1466 1910 1680 1940 concauam
1701 1930 1714 1952 ,

471 1976 600 2018 quum
652 1963 693 2002 in
745 1962 867 2005 altera
918 1963 1174 2003 extremitate
1209 1962 1433 2003 Mercurius
1466 1972 1625 2003 tantum
1659 1964 1717 2004 ita

472 2029 627 2081 gelatus
675 2024 799 2080 esset,
848 2034 896 2068 vt
946 2026 1077 2067 media
1125 2038 1215 2080 pars
1264 2027 1392 2069 adhuc
1456 2026 1577 2068 fluida
1610 2026 1719 2067 effer«

1604 2089 1722 2147 Effe-
