1856 2653
249 197 608 244 FRIGORE
662 197 1209 242 ARTIFICIALI.
1286 207 1367 250 285

126 323 283 355 tantum
319 313 389 353 css'e
423 313 554 366 potest.
622 311 710 351 Effe
746 313 873 362 igitur
908 312 1050 363 glacies
1084 313 1208 364 potest
1231 342 1240 360 ‚
1294 314 1375 353 siue

121 379 283 418 due‘tilis
317 379 395 426 sit,
431 385 473 415 vt
508 381 546 415 in
586 375 794 415 Mtrcurio
821 407 831 425 ‚
862 376 942 415 siue
977 387 1055 414 nou
1080 406 1090 423 ,
1131 383 1176 414 vt
1212 376 1253 412 in
1289 376 1374 415 aliis

125 441 270 481 fluidis,
354 440 502 481 Omnia
558 438 721 478 metalla
759 451 835 493 qua
872 439 990 479 solida
1022 438 1193 488 glaciem
1229 439 1374 478 cousti-

125 514 247 544 tuunt
269 535 279 553 ,
313 506 409 544 item
436 515 519 542 cera
541 532 552 551 ‚
587 502 720 542 sebum
743 534 754 552 ,
786 504 946 542 vitrum
978 512 1018 541 ct
1052 501 1126 542 alia
1149 531 1160 550 ,
1209 513 1375 552 gencra-

124 568 202 606 tim
236 569 370 608 omnia
402 578 569 619 corpora
603 566 721 608 solida
755 575 794 606 et
828 568 926 607 dura
951 597 961 616 ,
993 578 1091 618 quae
1125 563 1256 604 calore
1277 565 1373 606 flui-

120 630 168 670 da
205 630 292 671 fieri
328 629 483 684 poffunt
505 660 515 679 ‚
547 628 651 669 nihil
686 629 775 669 sunt
796 660 806 680 ,
841 630 912 670 nisi
947 630 1088 683 sptces
1121 628 1274 680 glaciei.

269 758 623 814 Qicmadmodum
660 759 787 810 igitur
823 771 923 811 aqua
955 757 1059 797 reete
1099 754 1241 806 glacies
1292 755 1372 796 fusa

119 820 270 861 dicsstui·
290 853 301 871 ‚
337 835 467 875 quum
499 835 636 861 reuera
671 821 727 860 uil
760 821 868 860 aliud
901 819 980 870 sit;
1020 818 1070 859 fic
1114 819 1372 859 Mercurium

121 886 270 924 viuum
319 896 359 923 et
411 885 583 924 fluidum
630 883 704 922 effe
750 883 919 935 glaciem
972 883 1167 924 Mercurii
1217 883 1372 933 fusam,

121 946 227 985 recte
259 947 429 987 dubitari
462 960 540 987 non
576 947 711 1000 potest.
776 947 911 989 Status
945 946 1075 998 igitur
1107 944 1220 985 illius
1254 955 1372 985 natu-

121 1007 214 1048 ralis
243 1039 253 1058 ,
305 1009 507 1061 firmitas,
555 1023 634 1049 non
687 1009 860 1051 fluiditas
903 1009 952 1049 sit
992 1018 1154 1062 oportet
1179 1041 1190 1061 ,
1241 1020 1372 1062 quum

119 1072 275 1110 actione
309 1074 411 1123 ignis
443 1083 482 1112 et
515 1073 645 1112 calore
679 1073 771 1113 haec
804 1075 1003 1114 efficiatur
1026 1103 1038 1122 ,
1090 1073 1152 1112 vti
1186 1073 1228 1111 in
1277 1072 1373 1112 reli-

120 1135 212 1186 quis
244 1133 378 1173 fluidis
408 1147 585 1186 quorum
621 1135 726 1173 haud
759 1136 874 1174 dubie
915 1135 1079 1173 nullum
1133 1135 1217 1184 est,
1267 1135 1374 1186 quod

122 1197 186 1236 sua
221 1205 360 1236 natura
392 1196 440 1235 sit
475 1196 661 1237 fluidum.
745 1197 947 1238 Funditur
979 1198 1109 1247 igitur
1145 1197 1376 1237 Mercurius

123 1270 243 1311 aeque
263 1289 275 1309 ‚
325 1272 367 1299 ac
400 1259 475 1298 alia
508 1257 670 1299 metalla
691 1289 703 1308 ‚
755 1259 884 1300 ca¹ore
906 1288 917 1306 ‚
967 1270 1013 1298 vt
1044 1257 1143 1297 fluat
1174 1260 1376 1312 viuusque

123 1321 224 1371 fiat,
275 1321 337 1360 sed
371 1320 445 1360 hoc
479 1330 636 1359 tantum
679 1333 773 1361 cum
824 1321 1083 1370 discrimine,
1135 1330 1183 1360 vt
1230 1323 1375 1374 gradus

121 1383 343 1423 admodum
380 1395 526 1435 paruus
557 1382 699 1424 caloris
732 1385 778 1424 ad
813 1382 924 1423 illius
957 1383 1373 1439 fufionem'requira-

108 1455 200 1487 sur.
265 1445 428 1486 Constat
463 1446 624 1486 metaila
657 1448 725 1486 sub
756 1454 865 1486 certo
894 1456 934 1485 et
968 1448 1234 1488 determinato
1266 1449 1376 1490 calo-

122 1513 177 1550 ris
209 1509 331 1561 gradu
367 1509 493 1564 ἷυιῑάἰκ
529 1508 729 1563 fluerequc
779 1509 950 1562 incipere
973 1540 985 1560 ,
1033 1509 1190 1549 diuerso
1239 1521 1375 1562 tamen

123 1573 167 1612 in
218 1570 385 1612 diuersis
436 1571 640 1621 met-alhs,
692 1582 739 1613 vt
787 1573 854 1612 sub
895 1574 1017 1624 gradu
1050 1585 1155 1622 420.
1189 1575 1373 1616 stannum

123 1648 310 1691 purum;
362 1643 464 1681 550.
499 1636 715 1688 plumbum
752 1648 934 1690 purum:
970 1649 1076 1685 470.
1111 1637 1372 1680 bismuthum

124 1711 279 1754 purum
311 1697 429 1738 scalae
461 1697 807 1741 Fahrenheitianae
829 1731 840 1751 ‚
892 1699 957 1740 vel
994 1701 1210 1740 secundum
1244 1705 1374 1744 nostra

122 1763 325 1804 obseruata
372 1761 588 1814 piumbum
639 1763 797 1817 liquefit
849 1763 917 1804 sub
956 1765 1080 1816 gradu
1120 1777 1222 1813 320.
1255 1767 1374 1820 supra

123 1839 150 1867 o
175 1827 324 1867 nostrae
350 1824 496 1877 scalae,
535 1826 605 1880 qui
641 1829 828 1868 conuenit
860 1840 956 1868 cum
991 1829 1117 1880 gradu
1157 1833 1259 1877 596.
1295 1831 1375 1870 sca-

81 1916 84 1918 -
124 1888 184 1930 lae
218 1887 506 1941 Fahrenheitii5
551 1891 732 1931 stannum
775 1897 1032 1940 1703416
1065 1891 1259 1932 Fahrenh.
1295 1894 1373 1934 bis-

126 1955 324 1996 muthum
361 1962 614 2003 2353494
726 1951 906 1996 Zincum
941 1967 1038 1996 vero
1073 1956 1268 1995 maiorem
1307 1970 1372 1996 ca-

126 2016 224 2057 loris
270 2017 445 2070 gradum
497 2018 702 2072 requirere
729 2050 742 2069 ‚
799 2032 925 2072 quam
975 2019 1093 2061 habet
1143 2019 1372 2061 Mercurius

721 2081 810 2125 Nn
843 2095 866 2133 3
1250 2082 1373 2126 bulli-
