1856 2653
468 241 526 268 10
904 224 1016 270 DE
1081 224 1255 272 VSV

468 339 639 394 quoduis
674 347 836 395 tempus
869 342 953 381 eius
988 341 1223 393 longitudo,
1259 339 1430 382 latitudo
1450 370 1461 391 ‚
1494 351 1538 381 ac
1577 337 1722 383 distauss

468 406 523 445 tia
558 419 578 445 a
614 416 717 446 teri-a
752 407 969 459 quaerenda
1004 406 1271 459 proponitur3
1309 419 1406 446 cum
1446 414 1582 446 autem
1627 406 1722 447 haec

467 469 624 520 singula
654 469 851 510 elementa
886 471 1046 510 tandem
1082 483 1150 522 per
1184 469 1316 510 solum
1349 481 1509 523 tempus
1531 472 1723 511 determi-

467 534 553 573 nari
589 533 783 585 debeant,
816 544 899 573 tam
932 534 1145 584 longitudo
1167 565 1178 583 ‚
1209 547 1332 587 quam
1374 533 1547 574 latitudo
1578 544 1620 574 et
1661 535 1724 576 di·

469 596 607 637 stantia
634 628 645 647 ,
680 610 858 650 quaeque
894 610 962 649 per
1014 596 1049 636 se
1083 606 1273 649 tanquam
1309 598 1463 640 func'tio
1496 599 1724 654 temporis,

470 660 638 714 ideoque
670 661 787 700 viiica
822 659 1022 700 variabilis
1053 661 1219 714 spectari
1257 662 1420 715 poterit.

627 795 664 829 8.
729 788 789 829 At
830 787 1051 829 functiones
1083 787 1272 829 binarum
1314 789 1556 843 pluriumue
1594 787 1727 828 varia·

472 849 620 892 bilium
658 865 728 905 per
761 853 959 892 eiusmodi
992 852 1099 893 binas
1133 853 1322 908 pluresue
1346 853 1556 894 variabiles
1597 853 1728 892 deter-

471 916 683 957 minantur
707 949 717 968 ,
752 929 850 970 quae
884 928 906 956 a
940 917 976 957 se
1010 917 1187 958 inuicem
1222 917 1339 958 nullo
1373 917 1497 958 modo
1531 915 1732 971 pendent,

469 980 533 1020 sed
579 983 725 1034 cuique
766 980 928 1022 seorsim
968 993 1107 1021 omnes
1150 983 1309 1036 prorsus
1351 982 1506 1022 valores
1557 980 1730 1020 tribuere

468 1042 575 1083 licet.
646 1046 764 1085 Tales
806 1045 1030 1086 fund’tiones
1077 1055 1296 1086 occurrunt
1315 1075 1328 1096 ‚
1379 1045 1538 1098 quando
1588 1048 1731 1083 natura

469 1106 698 1148 solidorum
733 1120 775 1147 ac
813 1108 1119 1163 superficierum
1161 1109 1415 1164 expenditur.
1499 1108 1609 1148 Fieri
1652 1104 1732 1146 hoc

469 1169 571 1210 solet
600 1183 677 1222 ,per
711 1179 840 1209 ternas
875 1173 1123 1210 coordinatas
1156 1184 1185 1211 x
1205 1202 1217 1221 ,
1236 1186 1270 1220 y
1302 1180 1342 1211 et
1377 1183 1428 1220 z,
1460 1182 1638 1222 quarum
1666 1168 1711 1207 >bi

456 1236 551 1272 ‘nae‘
576 1241 605 1270 x
638 1240 680 1270 et
712 1243 735 1275 y
768 1231 809 1269 in
844 1230 966 1282 plano
998 1232 1175 1283 quodam
1210 1232 1481 1284 accipiuntur,
1500 1231 1617 1271 tertia
1633 1241 1735 1271 vero

468 1306 527 1343 z,
563 1291 660 1331 huic
696 1291 816 1343 plano
849 1291 1186 1343 perpendicularis
1218 1294 1268 1332 ad
1300 1293 1555 1344 superficiem
1597 1294 1733 1346 porri-

471 1357 598 1409 gitur.
666 1353 775 1394 Cum
812 1355 940 1406 igitur
975 1355 1120 1408 cuique
1152 1354 1279 1395 baseos
1315 1355 1469 1407 puncto
1489 1386 1502 1406 ‚
1534 1357 1642 1408 quod
1662 1368 1732 1408 per

472 1422 580 1461 binas
629 1415 837 1459 variabiles
887 1429 914 1458 x
945 1426 986 1457 et
1005 1431 1040 1469 y
1068 1417 1264 1458 definitur
1284 1449 1296 1470 ‚
1325 1428 1433 1458 certa
1465 1419 1732 1472 perpendicu-

473 1483 569 1525 laris
603 1494 629 1522 z
662 1482 911 1532 immineat,
951 1482 1031 1520 erit
1069 1483 1211 1534 vtique
1261 1494 1287 1521 z
1337 1482 1492 1523 funetio
1541 1483 1731 1524 binarum

473 1544 737 1588 variabilium
770 1556 800 1584 x
831 1554 874 1584 et
895 1557 922 1591 y
955 1556 977 1584 a
1011 1544 1047 1584 se
1081 1546 1259 1586 inuicem
1294 1547 1530 1599 neutiquam
1558 1548 1733 1599 penden-

474 1612 596 1651 tium.
662 1606 814 1664 Quodsi
855 1608 966 1647 enim
1011 1610 1150 1649 omnia
1191 1608 1414 1660 superficiei
1453 1610 1602 1662 piinCta
1643 1609 1732 1650 affi-

473 1686 597 1727 gnare
631 1672 840 1722 velimuS,
872 1682 957 1711 tam
1009 1671 1083 1724 ipfi
1132 1684 1161 1712 x
1208 1683 1333 1725 quam
1372 1671 1448 1726 ipsi
1483 1685 1518 1722 y
1567 1673 1730 1714 seorsim

472 1748 615 1778 omnes
649 1736 806 1790 prorsus
839 1733 996 1775 valores
1028 1735 1151 1776 tribui
1185 1743 1348 1788 oportet
1369 1766 1382 1786 ‚
1413 1744 1463 1777 vt
1496 1735 1576 1777 hoc
1609 1737 1732 1778 modo

474 1814 552 1855 pro
585 1800 772 1840 omnibus
801 1797 898 1839 basis
939 1799 1098 1851 punitis
1140 1798 1421 1853 perpendicula
1462 1797 1534 1839 illa
1575 1801 1731 1841 obtine-

473 1874 607 1905 antur.
672 1862 830 1905 Deinde
864 1861 895 1903 si
934 1874 1080 1915 corpus
1120 1875 1170 1902 ex
1213 1863 1422 1916 particulis
1459 1862 1731 1915 heterogeneis

476 1927 529 1969 fit
558 1927 833 1980 compositum
853 1957 867 1977 ,
899 1935 949 1966 vt
979 1927 1124 1979 cuique
1161 1927 1313 1980 puncto
1346 1928 1453 1968 intra
1485 1938 1632 1980 corpus
1664 1938 1731 1967 ac-

474 2001 592 2046 cepto
626 1990 689 2031 sua
724 1989 932 2044 peculiaris
968 1990 1136 2030 densitas
1174 1991 1417 2042 conueniat,
1457 1993 1596 2043 primo
1633 1992 1730 2044 qui-

474 2057 570 2097 dem
604 2054 701 2095 situs
734 2056 928 2107 cuiusque
959 2054 1100 2107 puniti
1133 2054 1256 2094 ternis
1272 2056 1513 2096 coordinatis
1536 2066 1629 2105 x‚y
1644 2063 1684 2094 et
1702 2065 1730 2095 z

475 2119 670 2161 definitur
689 2150 700 2171 ,
750 2116 867 2159 nullo
909 2117 1033 2159 modo
1063 2131 1086 2158 a
1119 2121 1156 2158 ie
1210 2117 1389 2158 inuicem
1437 2118 1729 2171 pendentibus,

474 2185 670 2238 quoniam
702 2192 752 2226 vt
781 2182 921 2227 omnia
951 2181 1101 2239 puncta
1127 2184 1234 2226 intra
1264 2192 1413 2239 corpus
1441 2182 1699 2225 obtineantur
1715 2212 1730 2232 ,
