1856 2653
471 206 559 252 362
651 195 1535 243 OBSERVATIONVM

606 314 741 356 Prima
776 313 848 354 nix
880 309 1020 356 cecidit
1055 310 1137 352 iam
1168 311 1206 354 d.
1244 318 1314 355 18.
1355 320 1396 353 et
1446 310 1590 366 pruina
1639 318 1726 354 erat

468 379 505 421 d.
545 392 614 419 21.
655 382 735 420 26.,
763 388 836 426 27.

616 452 736 492 Lucis
786 450 955 492 borealis
1003 450 1181 504 vestigia⁴
1224 452 1261 493 d.
1301 462 1371 501 14.
1407 447 1449 490 h.
1491 459 1557 489 11.
1595 462 1632 502 p.
1668 461 1724 490 m>-

469 516 533 555 die
566 523 704 554 autem
740 514 916 568 sequenti
953 525 1025 565 15.
1061 514 1102 557 h.
1144 527 1214 556 10.
1238 530 1286 573 -p.
1324 529 1383 557 m,
1412 511 1612 567 completa
1629 524 1730 554 cono

468 578 713 634 spiciebatur.

618 651 802 693 Ocstober.
881 653 1005 695 Venti
1056 651 1179 695 huius
1227 653 1371 695 menfis
1425 662 1619 706 quoque,
1667 649 1731 691 vti

470 715 614 757 mensis
647 718 909 759 antecedentis
931 749 942 770 ‚
997 718 1204 760 variabiles
1225 750 1237 770 ,
1287 727 1328 767 et
1360 730 1412 758 ex
1445 716 1607 756 diuerfis
1643 713 1731 770 pla-

471 781 532 834 gis
565 780 755 834 spirantes
787 790 901 821 etant
923 813 934 833 ,
988 784 1169 838 maxime
1202 792 1336 824 tamen
1369 782 1485 822 flauit
1515 790 1659 822 ventus
1702 774 1734 819 S

470 845 562 885 dein
598 845 648 885 Ο.
717 846 827 885 inter
860 844 935 886 hos
969 845 1073 885 solus
1105 848 1142 887 d.
1181 859 1254 895 23.
1285 836 1369 886 erat
1390 845 1630 896 vehemens,
1667 841 1732 883 ni-

471 909 632 949 mirum
666 907 765 951 SW
780 920 819 958 3.
887 910 1072 964 Plerique
1104 910 1185 951 dies
1216 922 1376 963 quoque
1420 909 1585 962 nubili,
1636 906 1733 961 plu-

472 973 533 1013 vii
571 981 611 1012 et
645 972 776 1014 niuofi
798 1004 810 1025 ‚
845 973 900 1014 ita
934 983 981 1015 vt
1014 978 1046 1024 4
1081 982 1244 1015 tantum
1278 973 1356 1015 fint
1388 972 1631 1030 excipiendi,
1664 969 1736 1024 qui

468 1045 585 1078 erant
613 1035 762 1084 sereni,
790 1036 872 1078 scil.
909 1039 947 1079 d.
983 1051 1021 1078 2.
1065 1051 1120 1088 13
1177 1048 1247 1087 17.
1285 1051 1358 1079 20.

623 1105 818 1170 Altitudo
848 1127 973 1169 aquae
1004 1128 1112 1158 ΖΙ.
1150 1114 1246 1170 poll>
1286 1126 1310 1154 2
1349 1115 1423 1157 lin.

623 1193 785 1238 Nebula
831 1195 870 1237 d.
926 1205 997 1245 25.
1039 1194 1080 1237 h.
1128 1201 1167 1238 8.
1197 1208 1231 1238 a.
1265 1208 1326 1238 m.
1357 1206 1399 1237 et
1432 1197 1471 1239 d.
1505 1209 1581 1247 24.
1616 1193 1658 1237 h.
1696 1205 1737 1247 ς.

473 1273 515 1318 p.
549 1271 605 1300 m.

625 1335 814 1378 Aurorae
848 1335 1022 1379 boreales
1055 1337 1155 1378 duae
1174 1366 1186 1388 ,
1243 1336 1367 1377 altera
1399 1336 1434 1376 d.
1495 1349 1566 1377 11.
1616 1336 1744 1380 altera

472 1401 511 1442 d.
549 1412 622 1441 20.
656 1409 824 1455 Vtraque
859 1401 1094 1455 imperfecta
1134 1409 1173 1440 et
1209 1400 1372 1453 placida.

629 1483 885 1527 Nouember,
966 1483 1090 1524 Venti
1135 1480 1214 1523 hoc
1248 1485 1379 1523 mense
1411 1483 1631 1524 admodum
1664 1497 1738 1526 va-

472 1547 629 1592 riabiles
653 1578 667 1599 ,
695 1548 902 1589 interdum
937 1556 1073 1588 tamen
1106 1555 1253 1588 ventus
1285 1545 1434 1586 nullus,
1502 1545 1737 1589 Vehemen-

473 1615 601 1656 tiores-
631 1612 742 1653 fuere
773 1613 806 1654 d.
846 1625 887 1663 9.
927 1611 1027 1662 W3
1061 1619 1104 1652 et
1135 1624 1176 1661 4.
1212 1611 1252 1652 d.
1291 1614 1363 1652 16.
1393 1610 1458 1660 53
1494 1621 1535 1652 et
1557 1622 1598 1663 4.
1619 1620 1738 1654 vter-

471 1689 553 1735 que
585 1676 808 1719 durationis
844 1677 989 1721 breuis.

627 1763 729 1806 Dies
760 1765 883 1805 streni
923 1770 960 1805 8.
997 1761 1223 1804 Nimirum
1255 1763 1293 1804 d.
1330 1772 1394 1800 12.
1438 1771 1508 1810 13.
1545 1772 1617 1800 21.
1664 1770 1737 1800 22.

479 1839 552 1879 24.
592 1831 665 1868 26.
706 1840 779 1877 29.
820 1840 891 1878 30.
927 1828 1113 1882 plerique
1145 1839 1227 1870 non
1262 1825 1483 1868 admodum
1515 1823 1666 1877 frigidi.

631 1911 797 1956 Nebula
828 1916 867 1956 d.
905 1924 947 1961 3.
979 1926 1024 1963 4.
1060 1923 1131 1953 20.

629 1991 825 2038 Altitudo
856 2006 981 2052 aquae
1008 2005 1064 2034 Ξ
1082 2005 1102 2034 1
1140 1991 1244 2050 poll.

1558 2098 1739 2143 Decem-
