1856 2653
325 185 1174 234 DESCRIPTIONES.
1272 202 1363 244 415

118 304 367 357 marginibus
399 301 602 358 dispositos
632 300 706 341 effe
738 300 930 341 diximus.
1029 300 1183 341 Pedum
1234 313 1368 345 extre-

119 381 288 412 morum
309 400 320 418 ‚
355 375 437 408 tam
473 366 702 409 mediorum
725 396 737 416 ‚
779 377 902 419 quam
938 365 1185 418 posticorum
1211 395 1223 415 ,
1273 369 1371 408 arti-

117 435 235 475 culus
270 434 426 487 primus
459 432 547 472 satis
579 429 723 482 longus
743 460 756 480 ‚
787 430 936 470 inferne
972 427 1098 480 latus,
1127 439 1168 470 et
1203 430 1244 468 in
1275 431 1373 470 den-

120 505 206 538 tem
257 497 485 537 extrorsum
544 495 785 547 specstantem
845 492 1082 533 terminatus
1111 508 1124 545 ς
1188 494 1376 535 secundus

119 562 256 615 priore
289 559 407 611 longe
440 559 598 600 breuior
632 571 674 599 ac
717 558 852 598 minor
874 587 888 608 ,
938 556 1129 598 clauatus.
1210 556 1373 613 Reliqui

118 634 232 666 crant
261 624 469 678 deperditi.

267 707 468 752 Scarabaei
504 706 626 747 huius
663 706 912 748 mentionem
947 720 967 747 a
1003 707 1083 749 solo
1106 737 1119 758 ,
1174 717 1375 759 quantum

118 770 229 815 mihi
276 773 423 814 constat
443 804 455 824 ,
505 771 884 814 Swammerdammio
935 783 978 810 111
1027 768 1132 811 Bibl.
1187 770 1286 811 Nat.
1336 786 1406 826 p..

123 848 228 887 143.
263 838 361 877 γει-Ε
396 848 524 888 germ.
560 835 799 876 breuissimis
853 842 1012 874 tantum
1063 833 1205 874 fastam
1227 865 1240 885 ‚
1291 835 1378 876 ico—

118 911 294 954 nemque
349 911 428 940 non
473 898 562 939 satis
605 906 784 938 accurate
817 895 1060 938 elaboratam
1094 897 1187 939 Tab.
1227 900 1378 940 XXX.

118 961 189 1017 fig.
229 975 304 1014 11,
336 975 415 1016 qua
445 962 532 1002 eius
567 960 716 1003 thorax
748 971 788 1002 et
820 963 961 1016 capitis
991 974 1113 1003 cornu
1150 963 1378 1015 repraesen-

119 1035 259 1068 tantur
281 1058 293 1077 ‚
333 1028 469 1067 datam
509 1025 583 1066 effe
634 1027 810 1068 inuenio.
908 1024 1036 1067 Striae
1064 1056 1076 1076 ‚
1116 1036 1212 1079 quas
1243 1026 1308 1067 lit.
1344 1039 1378 1068 a.

118 1090 327 1131 denotauit
348 1119 359 1139 ,
391 1099 433 1128 et
466 1101 542 1142 pro
575 1088 748 1129 thoracis
778 1097 925 1128 ornatu
960 1087 1128 1139 habuit,
1181 1089 1344 1140 peffime
1365 1120 1378 1141 ,

118 1153 190 1197 mb
221 1154 458 1194 lacunarum
492 1151 621 1192 forma
644 1181 656 1201 ,
705 1152 796 1192 sunt
832 1153 1028 1204 expressae
1049 1182 1062 1204 ‚
1101 1153 1232 1204 iisque
1271 1152 1380 1196 nihil

120 1217 265 1269 aliud,
317 1227 439 1268 quam
470 1226 603 1255 aream
641 1215 755 1255 istam
790 1216 978 1266 rugosam
1003 1245 1017 1268 ‚
1063 1215 1113 1256 de
1144 1227 1224 1270 qua
1261 1216 1385 1271 supra

119 1281 210 1325 dixi
229 1310 246 1333 ,
271 1281 500 1335 exprimere
531 1278 691 1321 Aue'tor
722 1277 877 1321 voluit.

639 1405 875 1468 *²3*

694 1538 806 1601 lv.

123 1650 456 1716 scarabaeus
517 1645 774 1707 thoracis
834 1664 1016 1706 cornu
1098 1647 1336 1708 incuruo
1357 1692 1382 1720 ‚.

206 1737 464 1799 maximo
483 1778 507 1805 ,.
572 1731 758 1792 subtus
827 1731 1102 1812 barbat03,
1182 1734 1378 1816 capitis

205 1841 385 1881 cornu
462 1831 758 1877 recuruato
788 1838 806 1878 t·
885 1817 1047 1899 supra
1120 1815 1372 1878 dentato,

206 1907 366 1969 Linn.
409 1900 554 1980 Syst.
602 1903 740 1963 Nat.
783 1901 928 1964 edit.
965 1901 1096 1965 dec,
1135 1923 1200 1987 p,
1238 1920 1372 1987 345.

209 2008 309 2052 no.
351 2013 399 2052 ι.
440 1985 786 2073 (Hercules).

1222 2092 1377 2140 Marcgr,
