1856 2653
455 188 554 233 553.
651 179 1145 227 OBSERVATIONES-
1187 150 1515 230 coELEsTEs

454 296 642 349 quamuis
692 295 834 337 lumen
884 296 1102 352 crepusculi
1147 299 1336 338 matutini
1370 297 1451 338 iam
1485 298 1587 339 dum
1621 305 1706 339 tam

454 359 557 400 forte
588 360 679 400 esset
701 392 711 412 ‚
763 371 810 402 vt
841 361 1006 403 lectioni
1040 363 1174 415 scripti
1208 363 1419 405 sufficeret.
1515 364 1581 418 Vt*
1623 363 1706 402 iam

454 424 645 464 accessum
678 425 795 464 lunae
828 424 957 470 lucidi
988 428 1053 467 sua
1089 427 1268 478 margine
1298 427 1343 466 ad
1375 427 1582 468 Lucidam'
1618 426 1711 466 Ple-

456 488 593 528 iadum
646 489 809 529 certiori
864 492 987 531 modo
1040 490 1246 532 obseruare
1297 490 1446 544 possem
1466 503 1488 542 ‘,
1539 490 1708 531 ‘rubum

457 551 754 603 Gregorianum
773 552 951 594 ·adhibui
982 555 1050 595 sub
1083 564 1273 608 apparatu
1300 585 1310 603 ,
1341 567 1423 607 quo
1458 555 1526 595 iste
1560 553 1709 595 obieeta

456 617 673 657 secundum
707 619 955 658 diametrum
996 629 1066 666 52.
1099 619 1252 658 vicibus
1283 629 1426 669 augere
1444 618 1553 658 solet.
1589 617 1709 659 Dum

457 692 595 720 autem
617 682 727 731 vluna
760 682 919 735 cuspide
953 683 1019 723 sua
1051 683 1229 723 inferiori
1263 679 1356 735 (situ
1413 683 1562 732 eree'to)
1612 693 1710 722 con-

462 748 580 785 tinuo
613 746 951 799 appropinquaret
990 739 1267 787 ad'Lucidam
1304 745 1540 797 Pleiadum3
1573 744 1709 797 inopi-

460 818 555 849 nato
610 810 657 849 ad
697 810 924 859 marginem
954 809 1073 849 lunae
1103 811 1309 850 obscuram
1344 811 1385 849 in
1417 810 1570 851 vicinia
1602 809 1710 849 istius

459 870 660 924 cuspidis,
695 870 785 911 hor.
824 885 864 912 2.
902 870 1115 920 54²·13s‘-
1147 882 1270 927 temp.
1315 875 1402 913 veri
1427 905 1437 925 ‚
1485 862 1712 924 emergebat

459 932 613 976 stellula
642 965 653 985 ‚
684 936 731 975 de
764 947 846 988 quo
876 935 1111 976 emerfionis
1141 944 1324 989 tempore
1356 938 1461 978 intra
1496 949 1527 985 4
1565 935 1633 977 vel
1671 944 1710 982 5.

459 998 623 1039 secunda
659 1000 852 1051 temporis
885 1008 1015 1039 certus
1046 1002 1146 1040 sum.
1226 999 1395 1041 Stellula
1434 1001 1529 1040 haec
1563 999 1604 1039 in
1646 999 1714 1039 vi-

458 1062 563 1101 cinia
616 1062 786 1103 Lucidae
836 1061 1041 1103 Pleiadum
1091 1063 1348 1102 constituitur
1370 1093 1380 1113 ‚
1448 1062 1635 1113 insignita
1692 1073 1715 1101 a

459 1124 704 1177 Flansteedjo
736 1126 778 1164 in
813 1124 1009 1180 Catilogo
1042 1125 1276 1166 Britinnico
1311 1125 1444 1167 littera
1471 1127 1602 1182 p‚qui
1624 1137 1716 1165 eam

459 1188 651 1241 septimae
687 1190 976 1247 magnitudinis
1019 1199 1143 1232 notat.
1241 1190 1378 1231 Redeo
1418 1191 1467 1230 ad
1518 1189 1715 1231 Lucidam

459 1252 680 1309 Pleiadum.
760 1253 894 1293 Huius
942 1253 1175 1343 coniiinetbio
1214 1265 1310 1292 cum
1345 1254 1504 1307 cuspide
1535 1252 1716 1310 inferiori

459 1314 579 1358 lunae
632 1316 790 1355 tindem
839 1319 1043 1367 contigit,
1122 1310 1257 1363 ¹⁹56<
1272 1316 1382 1365 5'3ss.
1391 1326 1395 1330 ’
1419 1327 1538 1370 temp
1598 1310 1685 1356 veri
1708 1347 1721 1368 ,

459 1391 533 1431 per
565 1378 720 1421 dic'tum
753 1378 921 1416 Tubum
977 1376 1280 1440 Gregorianum
1304 1408 1315 1427 ,
1339 1426 1342 1429 .
1367 1381 1474 1430 quod
1526 1390 1718 1419 momen-

464 1451 557 1481 tum
590 1441 715 1483 etiam
746 1439 853 1482 intra
892 1449 930 1487 5.
964 1438 1118 1479 secund.
1159 1447 1319 1477 certum
1370 1441 1515 1480 iudico.
1602 1440 1719 1481 Con-

466 1503 717 1558 iunffionem
752 1512 889 1543 autem
923 1503 1094 1544 nomino
1126 1501 1399 1544 conditionem
1432 1534 1444 1555 ,
1493 1515 1571 1557 qua
1611 1503 1720 1545 reC'm

464 1555 622 1609 stellam
668 1576 712 1610 et
752 1567 955 1620 cuspidem
989 1566 1220 1609 inferiorem
1233 1568 1422 1618 iungens
1454 1568 1719 1641 'perpendicu-

465 1630 560 1674 laris
595 1631 796 1675 aestimata
827 1631 904 1675 fuit
938 1631 984 1671 ad
1023 1631 1248 1683 marginem
1298 1629 1416 1685 lunae
1469 1632 1717 1688 proximam.
1738 1634 1740 1636 ’

465 1694 689 1750 Minimam
722 1693 825 1736 hanc
856 1695 1080 1738 distantiam
1107 1693 1326 1738 oculorum
1359 1695 1509 1737 iudicio
1549 1698 1718 1754 compa-²-

467 1769 597 1816 ratam
630 1771 727 1799 cum
764 1759 922 1811 macula
957 1759 1089 1800 lunari
1111 1791 1123 1812 ‚
1164 1746 1400 1812 Grimaldus
1433 1760 1566 1813 dista,
1601 1756 1716 1802 habi-

468 1830 508 1864 ta·
540 1822 696 1879 ratione
726 1823 914 1867 diametri
949 1822 1067 1864 lunae
1097 1825 1354 1897 apparentis,
1393 1824 1540 1877 collegi
1570 1822 1718 1884 aeq'ua-'

247 1907 443 1947 ΤΜἯῙ.
469 1885 558 1931 lem
584 1888 655 1928 vni
690 1887 852 1928 minuto
883 1875 1027 1932 circuli
1065 1889 1237 1930 maximi
1269 1889 1467 1942 proxime
1503 1887 1715 1942 Figurar.

270 1961 342 2007 Fig
370 1973 404 2007 3

470 1950 546 1992 situ
581 1951 713 1998 erecto
743 1952 934 1994 delineata
968 1953 1139 2008 exponit
1174 1952 1334 1994 circiter
1371 1953 1508 1995 locum
1541 1944 1718 2018 stellulue

473 2015 718 2104 emergentis
731 2014 796 2059 ad
820 2025 865 2074 p,
896 2023 938 2059 et
968 2029 1034 2082 ιη
1057 2015 1281 2060 distantiam
1317 2011 1548 2061 minimam'
1574 2009 1717 2062 Luci-

1642 2080 1716 2123 dae
