1856 2653
334 205 804 253 ECLIPSIS
869 203 1168 254 SOLIS.
1288 220 1373 262 545

123 331 323 378 quantum
378 323 572 364 methodo
621 323 849 364 obseruandi
904 322 1130 372 iudicatae,
1183 337 1258 376 pro
1307 326 1380 365 vsu

121 391 261 430 futuro
283 420 294 439 ,
329 388 449 428 fidere
483 387 610 428 liceat.
679 389 865 428 Primum
902 396 1039 426 autem
1075 385 1205 427 ssatim
1240 396 1346 441 patet
1367 419 1380 440 ,

123 462 333 494 momenta
383 453 490 493 initii
539 462 579 493 ct
628 450 720 492 finis
749 451 920 505 helipsis
952 463 1028 504 ope
1062 450 1272 491 machinae
1306 450 1380 490 he·

119 516 230 557 liosc.
283 529 306 556 a
356 517 474 559 Socio
521 525 707 557 annotata
758 525 918 556 tantum
955 515 1135 567 rigorem
1171 528 1250 556 non
1286 527 1380 568 prae

117 580 155 622 se
203 585 304 621 ferre
327 612 338 632 ,
387 590 585 634 quantum
630 582 863 621 immediata
900 591 969 634 per
1006 581 1170 619 Tubum
1206 584 1251 618 6.
1284 579 1376 632 ped.

116 644 342 687 obseruatio
374 646 522 688 docuit.
601 645 777 686 Initium
811 655 957 697 nempe
990 643 1111 683 fitius
1144 644 1184 682 in
1221 642 1380 682 machi-

117 720 167 748 na
202 710 374 761 contigit
398 741 409 761 ‚
443 723 566 764 quam
601 711 642 750 in
677 710 827 761 Tub03
861 709 954 749 finis
984 717 1122 748 autem
1157 706 1276 746 citius
1310 707 1383 759 ibi,

115 783 240 824 quam
276 773 353 815 hic.
417 775 490 816 Ast
520 775 728 815 discrimen
765 773 840 815 hoc
874 774 1031 813 mirum
1066 771 1197 812 videri
1223 772 1380 823 nequit,

113 835 145 875 fi
193 839 474 890 expendatur,
524 851 649 891 quam
699 839 838 879 exaste
894 834 1035 876 'rubus
1069 844 1276 875 momenta
1310 836 1379 875 ista

112 902 368 952 patefecerim
416 914 512 946 cum
547 902 806 942 econtrario
839 899 1018 939 conditio
1048 898 1380 952 repraeientatio-

114 963 178 1002 nis
211 965 252 1005 in
292 964 480 1006 machina
515 966 684 1006 initium
719 975 816 1006 tunc
860 964 1032 1003 demum
1083 963 1206 1003 sensui
1255 962 1380 1003 subii·

111 1037 199 1066 cere
231 1030 410 1082 potuerit
431 1061 443 1079 ,
502 1032 707 1082 postquam
742 1029 837 1069 luna
870 1026 1044 1067 limbum
1079 1026 1268 1078 imaginis
1302 1025 1380 1067 So·

113 1088 207 1131 laris
241 1094 321 1132 iam
357 1091 544 1133 nonnihil
580 1092 847 1145 penetrasset3
892 1091 1016 1130 finem
1053 1099 1190 1130 autern
1227 1090 1380 1129 indica-

113 1155 222 1194 verit
244 1186 255 1206 ‚
287 1167 383 1198 cum
415 1155 544 1196 adhuc
578 1156 726 1196 limbus
760 1155 875 1195 lunae
908 1167 1005 1195 cum
1041 1155 1224 1206 margine
1270 1153 1380 1193 ima·-

114 1217 221 1269 ginis
256 1218 406 1261 Solar's
437 1220 760 1261 confunderetur.

261 1283 436 1325 Interim
460 1316 471 1335 ,
506 1283 535 1324 fi
569 1297 622 1324 ex
657 1282 880 1325 momentis
917 1280 1027 1322 initii
1060 1290 1101 1321 et
1133 1280 1257 1333 finis,
1310 1281 1380 1321 su-

112 1347 264 1387 mendo
294 1349 401 1387 inter
433 1360 478 1387 ea
511 1360 734 1388 numerum
769 1347 955 1385 medium
987 1346 1242 1383 arithmetice
1278 1356 1379 1396 pro-

107 1409 380 1461 portionalem
403 1439 417 1458 ,
476 1417 622 1461 tempus
655 1407 922 1461 ohsmtratiom's
955 1408 1146 1446 maximae
1178 1406 1342 1448 definias
1362 1439 1375 1459 ,

109 1470 177 1510 sub
211 1469 427 1523 hypothesi
459 1481 606 1523 nempe
629 1499 641 1518 ‚
691 1469 876 1509 semitam
909 1470 1036 1509 centri
1082 1468 1200 1508 lunae
1250 1482 1374 1523 appa-

111 1543 269 1575 rentem
307 1545 378 1587 per
407 1533 559 1575 discum
591 1533 695 1578 Solis
727 1532 975 1572 rec'tilineam
1004 1564 1015 1584 ,
1049 1541 1090 1573 et
1122 1533 1373 1576 diametrum

108 1596 227 1638 lunae
260 1606 517 1651 apparentem
552 1598 720 1638 durante
770 1595 923 1649 Eclipsi
972 1597 1018 1639 ad
1067 1597 1223 1638 sensum
1273 1611 1372 1638 con-

109 1662 245 1704 stantis
280 1661 568 1708 magnitudinis
600 1661 736 1703 haberi
769 1659 900 1715 poffe3
934 1661 1166 1702 consensum
1201 1671 1373 1716 exopta-

109 1734 201 1766 tum
236 1726 502 1780 deprehendes
523 1756 534 1776 ,
564 1726 648 1768 siue
681 1725 975 1766 obseruationes
1008 1738 1078 1780 per
1111 1724 1283 1766 Tubum
1313 1725 1368 1768 fi·

108 1800 161 1831 ve
192 1803 264 1847 per
298 1789 527 1833 machinam
559 1790 753 1834 adhibeas⁶
817 1789 976 1833 Scilicet
1006 1795 1084 1845 ope

651 1854 758 1895 Tubi
793 1858 835 1895 6.
871 1854 960 1909 ped.
1129 1852 1338 1897 machinae

445 1911 748 1962 Initiummb.
789 1916 965 1969 6‘.32‘'
1012 1955 1014 1957 ,
1058 1911 1156 1975 310'2.
1196 1917 1371 1975 6¹58st

147 1999 149 2001 ·
445 1985 556 2026 Finis
686 1998 725 2025 1.
773 1983 837 2034 152
861 1975 922 2035 ςή-
958 2000 964 2009 ¹
1104 1986 1167 2040 ia]
1203 1984 1242 2039 322
1263 1985 1368 2040 ⁵32<

108 2051 473 2110 Tempusmbrcur.
508 2066 616 2097 max.
648 2053 829 2107 11:36.
859 2059 913 2105 τῇ,
964 2067 969 2072 ·
1045 2051 1138 2097 '‘ix.
1163 2050 1387 2106 '35:345'

159 2117 495 2165 ·'‘1*0m.Xl.Nou.
507 2120 675 2183 Commf
897 2119 942 2165 Z
962 2131 986 2163 z
1005 2130 1030 2163 z
1311 2119 1360 2166 Si
