1856 2653
554 213 666 264 ->&0'.<{
698 209 711 266 )
747 225 772 250 0
810 209 823 266 (
857 211 971 261 52³3<-
1343 224 1398 261 37

497 317 1054 389 PHYSICA.

755 455 797 511 I.

210 554 563 633 escriptiones
606 552 947 612 Insecmmm
983 563 1153 629 {itque
1182 554 1397 610 Auium

201 637 518 699 Indicarum
569 638 744 694 Musei
788 638 1186 716 Petropolitani
1210 681 1227 707 ,
1276 648 1338 693 ut

412 734 473 779 et
519 723 560 780 F
567 724 653 790 uqi
698 721 917 779 foliacei
964 728 1117 778 noui.

200 854 459 913 Auffloie
506 854 547 912 1'.
596 855 674 912 T.
720 847 1060 913 Koelreuter
1102 874 1157 934 p.
1208 873 1342 930 401.

147 1000 352 1113 Quam
386 1013 427 1052 in
461 1012 719 1054 describendis
754 1013 972 1054 rarioribus
1009 1013 1138 1054 Musei
1183 1012 1305 1053 nostri
1338 1011 1403 1065 pi-

291 1078 439 1127 icibuS‚
472 1080 634 1118 eandem
670 1076 756 1118 Cel.
795 1078 1021 1118 Koelreuter
1043 1108 1053 1128 ‚
1097 1088 1284 1130 tempore
1319 1087 1400 1128 quo

148 1141 255 1190 apud
287 1153 357 1180 nos
392 1142 498 1180 vixit
519 1171 529 1190 ‚
582 1142 621 1180 in
657 1140 804 1180 selectis
837 1154 887 1179 ex
922 1142 1061 1179 codem
1107 1141 1248 1180 Museo
1303 1140 1404 1177 inse·

150 1200 314 1239 «storum
344 1210 461 1252 atque
497 1202 638 1239 auium
675 1200 870 1251 speciebus
906 1200 1160 1250 diligentiam
1196 1201 1404 1252 praestitit,

148 1274 326 1314 quorum
378 1260 693 1300 laboriofiffimae
745 1260 830 1298 eius
883 1258 960 1300 hoc
1004 1260 1217 1300 volumine
1249 1275 1403 1316 propo-

147 1332 302 1377 nuntur
342 1323 672 1362 adumbrationes.
760 1322 818 1362 Et
849 1324 1036 1376 quamuis
1068 1337 1147 1364 non
1183 1327 1321 1365 omnia
1352 1338 1403 1367 ex

148 1387 197 1426 iis
223 1417 233 1436 ,
265 1397 365 1440 quae
399 1385 628 1438 prosecutus
662 1384 716 1424 est
739 1415 749 1434 ,
786 1384 901 1438 plane
935 1400 1039 1427 noua
1074 1386 1150 1428 sint
1170 1419 1180 1438 ‚
1214 1389 1276 1430 sed
1311 1388 1401 1442 ple·

144 1462 266 1503 raque
300 1448 438 1502 paffim
473 1451 578 1502 apud
612 1448 792 1488 auetores
843 1452 1046 1490 nominata
1100 1461 1219 1505 atque
1269 1454 1399 1492 verbis

145 1513 369 1566 descripta,
420 1512 507 1552 imo
553 1512 707 1564 depicta
757 1524 916 1565 quoqne
966 1525 1205 1555 occurrant:
1261 1515 1399 1567 Digna

145 1586 281 1616 tamen
315 1588 358 1614 ea
392 1587 551 1628 quoque
584 1576 664 1615 visa
697 1575 787 1615 sunt
820 1588 920 1629 quae
972 1578 1282 1618 retra&arentur
1335 1589 1398 1620 at·-

146 1652 227 1693 que
261 1640 567 1681 accuratioribus
588 1670 599 1690 ‚
633 1651 755 1693 quam
787 1640 936 1681 fastum
971 1642 1058 1694 est,
1089 1641 1266 1682 izonibus
1297 1641 1398 1683 illu-

152 1703 380 1744 strarentur.

298 1787 336 1827 E
372 1781 502 1840 quinis
536 1785 839 1829 scarabaeorum
878 1788 1216 1830 Americanorum
1247 1789 1399 1842 specie·

99 1892 103 1896 ,
146 1847 247 1900 bus,
299 1863 394 1904 quas
428 1851 554 1903 priori
586 1850 675 1891 loco
706 1850 886 1891 describit
919 1853 1047 1893 noster
1068 1884 1079 1902 ,
1113 1854 1252 1894 seriem
1287 1852 1399 1892 ordi·

148 1920 217 1952 tur
236 1924 328 1954 nota
358 1915 498 1967 species
518 1945 529 1964 ,
560 1913 792 1955 Scarabaeus
827 1916 1007 1956 Adi-aeon
1041 1915 1202 1957 Linnaeo
1236 1916 1366 1956 dicstus
1388 1945 1399 1967 ‚

147 1976 262 2015 cuius
295 1977 499 2017 variabiles
530 1979 680 2018 formae
713 1978 846 2031 quinis
875 1991 898 2019 e
939 1980 1219 2032 speciminibus
1269 1980 1399 2019 verbis

145 2041 298 2095 partim
329 2051 370 2081 et
404 2038 579 2082 iconibus
609 2051 884 2095 exponuntur.
952 2043 1117 2096 Altera,
1150 2044 1188 2087 S.
1220 2043 1398 2088 Simsoni

761 2116 784 2143 e
821 2118 845 2155 3
1301 2105 1396 2146 Lin-
