1856 2653
296 179 932 235 METEOROLOGICARVM
966 184 1019 224 A.
1059 196 1077 222 1
1089 190 1147 234 76
1155 199 1194 234 3.
1296 201 1318 238 3
1329 195 1382 239 87

286 300 575 342 Baromctrum
610 297 850 339 monstrabat
888 302 959 338 28.
982 310 1056 346 42.
1094 305 1205 336 antea
1228 305 1280 339 28
1310 305 1386 348 46.

140 364 294 405 Ventus
328 366 402 406 vix
434 373 516 404 crat
547 361 732 402 sensibilis
766 361 1084 402 antecedentibus
1116 361 1272 414 aliquot
1304 364 1389 404 die-

139 429 210 468 bus
243 438 327 468 erat
362 427 403 469 N
439 428 516 467 stre
548 441 587 465 2.
641 425 816 468 Coelurn
848 428 983 467 sereno
1016 425 1257 479 vaporol'um
1282 455 1294 475 ‚
1327 426 1388 465 vti

137 505 298 546 quoquc
331 493 393 532 die
424 491 667 531 antecedenti
699 502 739 531 et
772 490 963 544 sequenti.
1036 489 1229 532 Ceterum
1264 490 1388 541 frigus

136 557 371 595 maximum
406 554 524 595 huius
559 555 650 593 anni
687 566 790 604 204.
826 555 956 595 diffirt
989 567 1009 594 a
1052 554 1200 606 frigore
1251 554 1386 594 maxi-

137 630 207 659 mo
240 620 334 659 alias
369 618 474 658 mihi
526 618 732 660 obseruate
784 633 886 659 212.
937 618 1119 670 gradibus
1177 623 1218 660 8.
1266 614 1388 657 Calor

132 683 339 723 maximus
374 683 441 723 sub
471 683 561 734 his,
605 696 705 737 quae
751 685 1001 737 sequuntur,
1051 680 1355 725 circumstantiis
1378 711 1389 731 ‚

131 746 186 785 cst
220 756 390 787 notatus,
426 748 716 788 Baromctrum
752 758 836 787 erat
874 753 947 788 28.
972 757 1043 794 23.
1079 754 1191 799 antea
1229 749 1387 793 28.25.

132 807 288 850 Ventus
318 811 399 852 S1.
434 813 678 852 antecedebat
710 811 750 850 O
790 820 827 850 et
878 809 1108 863 sequebatur
1158 806 1185 848 S
1235 807 1391 863 aliquot

130 870 278 913 diebus.
346 873 521 914 Coelum
573 872 790 922 serenum,
839 873 900 911 vti
950 885 1110 926 quoque
1144 871 1278 912 diebus
1312 871 1390 911 ali-

128 944 229 987 quot
268 937 578 976 antecedentibus
627 945 667 976 et
716 937 972 989 sequentibus.
1073 935 1268 977 Ceterum
1322 934 1390 979 hic

133 997 276 1038 mensls
309 999 530 1040 admodum
563 1000 714 1042 calidus
749 1000 826 1040 fuit
848 1028 859 1050 ,
904 1010 1035 1053 quum
1069 1008 1117 1040 vt
1150 997 1387 1053 plurimum

130 1062 299 1101 maiores
333 1062 474 1102 caloris
509 1066 655 1113 gradus
710 1069 957 1112 regnarent,
1008 1063 1141 1102 differt
1189 1073 1211 1100 a
1261 1064 1388 1117 gradu

128 1123 272 1164 caloris
306 1125 492 1164 maximo
525 1123 620 1163 alias
655 1121 760 1162 mihi
794 1123 1001 1164 obseruate
1034 1120 1125 1173 97⁸.
1150 1125 1275 1165 tribus
1293 1128 1390 1177 gra-

131 1187 256 1233 dibus.
312 1188 489 1233 ,Manent
539 1186 666 1238 igitur
703 1195 746 1227 et
778 1186 961 1227 summus
984 1187 1134 1229 ,caloris
1166 1190 1312 1239 gradus
1344 1198 1385 1231 et

127 1250 301 1292 infimus
332 1250 401 1291 hic
434 1250 671 1301 Petroburgi
700 1249 929 1292 obseruatus
973 1249 1081 1291 idem
1133 1263 1205 1304 per
1255 1253 1387 1292 obser-

131 1314 311 1354 vationes
360 1313 487 1353 huius
535 1314 640 1351 anni.
726 1312 981 1353 Variationes
1034 1312 1389 1356 thermometricas

126 1388 209 1418 non
229 1406 241 1426 ,
290 1374 355 1415 vti
403 1374 686 1415 barometricas
706 1402 720 1424 ,
753 1382 923 1414 certam
974 1373 1182 1417 obseruare
1219 1376 1353 1432 legem
1373 1410 1387 1432 ,

124 1439 375 1494 comparatio
405 1436 632 1478 luculenter
666 1436 884 1477 monstrare
916 1438 1057 1490 potest.

281 1564 464 1607 Variatio
495 1564 674 1608 maxima
708 1565 908 1607 menstrua
958 1565 1037 1609 hoc
1087 1578 1192 1609 anno
1240 1566 1386 1612 caloris

129 1636 218 1670 erat
249 1623 374 1670 :62⁰
408 1631 539 1671 mense
572 1629 792 1671 Februario
814 1661 825 1681 ‚
858 1631 1031 1672 variatio
1061 1632 1234 1673 minima
1263 1645 1382 1685 :1¹7.

134 1692 268 1734 mense
323 1693 501 1734 Ostobri.
577 1694 650 1734 Vti
687 1695 925 1745 magnitudo
957 1695 1233 1737 variationum
1269 1698 1384 1738 ther-

129 1756 466 1802 ‘mometricarum
498 1756 582 1799 siue
613 1758 930 1809 differentiarum
980 1761 1274 1807 menstruarum
1323 1764 1385 1805 di·

134 1820 258 1861 verfis
292 1820 403 1862 annis
441 1821 494 1863 est
541 1821 726 1873 diuersa,
774 1821 827 1863 slc
877 1835 1037 1878 quoque
1090 1825 1293 1866 maximae
1340 1835 1384 1866 et

136 1885 332 1927 minimae
380 1885 620 1928 variationes
666 1898 749 1929 non
798 1887 942 1930 iisdem
989 1887 1188 1931 mensibus
1220 1888 1382 1929 euenire

127 1946 264 1990 solent.

689 2072 866 2119 ecee.
1094 2061 1096 2063 ’
1240 2077 1375 2122 Diffe-
