1856 2653
489 186 579 227 272
686 169 1550 220 OBSERVATIONVM

636 292 785 345 Frigus
834 290 1068 333 maximum
1118 298 1269 340 :195
1316 297 1356 331 et
1390 288 1498 332 calor
1532 288 1743 333 maximus

491 366 594 407 1109⁰

633 436 738 477 Hinc
786 432 957 476 variatio
1004 433 1184 475 maxima
1235 428 1393 476 286⁹.
1481 430 1537 474 Et
1568 432 1740 476 *varlati'o

485 498 668 540 maxima
702 499 900 539 menstrua
935 503 1009 548 48.
1044 507 1085 538 et
1117 499 1288 539 minima
1332 511 1384 537 21
1445 497 1552 549 grad.
1618 497 1740 540 Calor

485 564 670 617 medius,
714 562 744 603 s1
778 562 937 603 summa
971 563 1144 603 maximi
1177 572 1218 603 et
1251 562 1417 603 minimi
1452 562 1597 613 gradus
1629 563 1739 604 diui-

483 627 601 668 datur
636 642 673 682 p.
709 639 747 667 2.
780 626 848 668 vel
883 627 1066 669 medium
1102 626 1410 667 arithmeticum
1446 626 1624 680 capiatur
1673 628 1740 668 in·

482 696 544 730 ter
595 692 805 732 summum
856 699 896 731 et
944 690 1142 731 infimum
1188 689 1332 732 caloris
1365 691 1539 743 gradum·
1570 700 1739 739 1152.

484 754 555 807 qui
590 768 737 808 parum
770 754 905 796 differt
937 754 983 795 ab
1017 753 1092 796 illo
1126 755 1261 797 medio
1287 785 1298 807 ‚
1344 756 1450 808 quod
1492 753 1625 795 oritur
1646 785 1659 806 ‚
1706 754 1739 795 fi

481 817 642 859 summa
694 818 835 860 caloris
889 819 1014 870 gradu
1065 820 1269 861 diuidatur
1305 832 1375 873 per
1409 830 1633 859 numerum
1667 818 1740 860 ob-

480 881 757 924 seruationum
777 913 793 935 ,
823 882 886 923 vti
921 881 1017 923 alias
1049 880 1140 923 fieri
1170 884 1281 924 solet,

629 981 782 1034 Frigus·
813 979 1049 1023 maxitnurn
1080 976 1205 1020 huius
1237 979 1331 1019 anni-
1350 1011 1365 1031 ,
1393 981 1501 1032 quod
1533 979 1632 1022 Dec.
1668 973 1741 1029 Ῑ3ζ

477 1041 520 1084 h.
562 1048 602 1085 8.
632 1057 666 1085 a.
702 1058 758 1086 m.
792 1046 964 1097 contigit
985 1076 997 1096 ,
1040 1043 1349 1085 circumstantiis
1380 1044 1630 1095 sequentibus
1659 1045 1741 1084 fuit

478 1109 740 1149 comitatum.
815 1109 973 1148 Ventus
1008 1104 1085 1147 S1.
1120 1105 1181 1143 vti
1217 1115 1378 1158 quoque
1408 1107 1472 1145 die
1505 1107 1740 1147 anteceden-

477 1172 544 1223 ti,
588 1181 629 1212 et
661 1171 851 1225 sequenti.
914 1170 1099 1223 Tempus
1133 1168 1316 1208 serenum
1349 1177 1389 1208 et
1419 1171 1661 1212 antecedenti
1697 1178 1740 1211 et

475 1236 653 1289 sequenti
687 1236 763 1276 dic.
821 1235 1068 1276 Antecedens
1098 1233 1321 1276 obseruatio
1355 1242 1527 1283 2:193,
1576 1234 1741 1288 sequ-ens

477 1312 517 1353 p.
553 1309 608 1338 m.
651 1304 753 1347 1892
796 1307 837 1338 et
886 1296 1038 1350 vesperi
1090 1295 1226 1336 rursus
1289 1307 1393 1344 193,
1444 1297 1738 1340 Barometrum

479 1367 551 1405 28.
574 1364 649 1409 65.
680 1360 787 1416 quod
819 1359 1067 1414 sequentibus
1098 1358 1233 1399 diebus
1279 1360 1504 1399 adscendere
1557 1363 1737 1414 perrexit

476 1427 525 1468 ad
560 1437 629 1474 29.
652 1437 727 1474 03.
761 1422 965 1464 summam
1002 1421 1125 1460 huius
1162 1419 1255 1458 anni
1308 1421 1569 1463 altitudinem
1616 1427 1734 1467 baro-

474 1489 703 1529 metricam·.
802 1485 889 1528 Hoc
922 1483 1051 1536 frigus
1090 1482 1325 1524 maximum
1356 1497 1436 1524 non
1469 1486 1627 1540 superat
1658 1489 1735 1528 fri·

473 1563 551 1605 gus
587 1552 820 1593 maximum
853 1549 947 1591 alias
981 1548 1047 1589 hic
1080 1546 1333 1588 obseruatum
1364 1561 1536 1590 :212-
1589 1549 1732 1593 Manet

471 1618 601 1669 igitur
635 1616 702 1657 hic
747 1615 910 1667 frigoris
963 1615 1107 1665 gradus
1157 1610 1288 1651 adhuc
1339 1614 1580 1665 maximus,
1630 1616 1734 1659 dum

476 1675 563 1731 17⁶.
601 1681 733 1723 maior
764 1680 817 1722 est
851 1678 1035 1720 maximo
1057 1708 1072 1729 „
1118 1675 1190 1730 qui
1225 1675 1301 1718 hoc
1350 1689 1455 1720 anno
1500 1678 1554 1720 est
1600 1679 1733 1739 obses·-

472 1755 604 1786 vatus.

625 1833 748 1878 Calon
801 1833 1009 1874 maximus
1060 1830 1187 1873 huius
1225 1831 1318 1872 anni
1350 1845 1521 1883 3109.
1556 1833 1630 1887 qui
1659 1842 1728 1873 ac-

473 1899 572 1941 cidit
606 1900 716 1940 Iunii
757 1904 824 1939 18.
861 1896 902 1939 h.
943 1912 981 1940 2.
1018 1911 1062 1951 p..
1092 1910 1149 1936 m.
1189 1897 1403 1938 comitatus
1445 1899 1521 1939 fuit
1548 1899 1729 1940 circum-

472 1964 622 2005 stantiis
671 1962 931 2017 sequentibus.
1033 1961 1189 2001 Ventus
1240 1961 1319 2001 fuit
1370 1962 1432 2003 W
1464 1961 1602 2003 debilis
1623 1994 1635 2016 ,
1668 1961 1729 2002 se·-

471 2029 683 2083 quentibus
715 2039 876 2084 quoque
907 2026 1041 2068 diebus
1061 2055 1077 2079 ,
1125 2026 1377 2068 antecedente
1410 2026 1454 2069 N
1487 2036 1529 2068 et
1570 2027 1609 2069 O
1648 2024 1729 2131 Sic}-

1706 2102 1723 2131 ι
