1856 2653
367 178 857 228 nescium-10
907 184 1105 227 FVCI.
1264 199 1355 238 μη

265 293 327 338 Ita
360 297 397 338 se
427 297 565 338 habuit
599 295 731 351 planta
762 297 803 337 in
837 295 936 337 sicco
971 298 1083 338 statu.
1160 297 1362 341 Mutatio·

115 371 183 401 nes
214 371 350 415 autem
370 392 381 413 ‚
415 373 511 415 quas
543 365 651 402 frons
683 360 805 401 altera
837 356 867 415 †
900 361 1139 402 fructificans
1160 391 1172 411 ,
1207 364 1362 415 punctis

114 425 322 477 praedita,
370 427 411 465 in
443 438 587 478 aquam
624 425 811 466 immersa
846 425 944 476 paffa
987 426 1068 476 cst,
1123 424 1195 463 hae
1246 429 1363 466 mm:

110 487 224 528 breui
256 488 400 529 scilicet
432 489 742 538 intumescebat,
793 498 874 527 tam
910 489 1064 529 ambitu
1100 501 1223 542 quam
1258 501 1363 528 cras-

111 550 201 590 sstie
252 552 455 603 insigniter
502 552 629 593 auita.
725 552 968 602 Substantia,
1006 563 1130 597 ,antea
1163 553 1290 604 rigida
1324 561 1365 591 et

109 613 284 665 fragilis,
313 614 462 656 elastica
492 618 678 661 euadcbat
710 626 751 656 ct
791 614 936 657 flexilis
958 647 968 666 ,
1000 617 1194 669 gelatmae
1247 617 1365 655 inflat

113 688 326 718 concretae.
393 678 559 721 Colores
593 680 834 721 obscuriores
869 681 980 733 prius
1017 683 1055 719 in
1091 672 1239 718 dilutos
1274 678 1364 717 val-

110 742 157 780 de
189 743 348 782 mutati.
413 743 508 799 Quo
541 753 652 784 antea
687 747 857 799 penitus*
878 745 1033 797 priuata
1069 752 1152 781 erat
1197 741 1329 794 planta
1354 771 1364 791 ,

112 815 219 843 nunc
271 807 437 846 odorem
489 808 689 860 spargebat
739 808 865 848 musci
917 806 1114 846 corallini.
1212 805 1365 846 Lentos

111 870 257 918 magna
292 869 334 908 in
366 871 481 923 copia
515 869 706 910 defluebat
738 870 784 909 ab
816 871 928 910 omni
956 868 1187 921 superficie,
1219 880 1364 920 aquam

110 930 329 970 viscositate
362 933 427 972 sua
462 933 662 973 imbuebat
694 945 862 972 omnem
886 963 896 982 ,
943 933 1187 984 eandemque
1223 934 1362 973 turbu—

108 991 262 1034 lentam
299 995 508 1036 reddebant
543 1005 722 1037 ramenta
755 997 891 1036 variae
925 996 1214 1047 magnitudinis
1272 994 1365 1034 hcr-

109 1055 221 1096 bacea
243 1087 255 1105 ,
286 1058 568 1111 cor-pzfiulorum
602 1060 841 1110 elltpcicorum
875 1056 926 1112 †‚
962 1060 1232 1098 minimorum
1258 1089 1269 1106 ‚
1303 1059 1364 1097 in-

109 1130 380 1159 numerorum
401 1149 412 1168 ,
446 1119 756 1170 fibrillaruqute
806 1121 1129 1160 te11u1ss'11narum
1178 1118 1364 1175 †s01uta

108 1182 322 1233 congeries.
408 1183 497 1222 Vna
532 1195 628 1223 cum
665 1182 730 1222 his
763 1184 954 1223 ramentis
990 1184 1238 1237 punctorum
1274 1185 1365 1225 isto-

108 1256 204 1285 rum
227 1275 238 1293 ,
293 1246 335 1284 in
370 1244 469 1286 sicco
502 1247 600 1286 statu
633 1246 905 1288 obscuriorum
929 1278 940 1296 ‚
992 1260 1097 1286 nunc
1132 1259 1230 1286 vero
1265 1260 1365 1298 pur-

107 1308 406 1362 purascentium
430 1340 441 1359 ,
491 1312 613 1349 etiarn
647 1308 840 1348 nonnulla
873 1309 1094 1347 defluebant
1119 1339 1131 1358 ‚
1185 1308 1365 1360 plurima

106 1380 243 1411 tamen
277 1370 503 1411 substantiae
536 1370 641 1411 arc'te
678 1369 922 1410 inhaerentia
958 1370 1206 1422 persistebant
1229 1401 1239 1421 ,
1293 1384 1364 1412 nec

107 1434 153 1474 ab
185 1446 246 1482 ea,
276 1433 349 1473 nisi
381 1434 424 1472 vi
454 1434 590 1484 aliqua
624 1431 816 1481 adhibita,
850 1432 971 1471 auelli
1007 1443 1075 1473 aut
1109 1434 1270 1474 resc'ndi
1295 1448 1364 1487 pa-

109 1497 322 1536 tiebantur.
419 1494 522 1536 Sunt
575 1503 712 1534 autem
765 1493 861 1534 haec
905 1495 1049 1549 puncta
1082 1495 1185 1536 nihil
1217 1495 1328 1537 aliud
1350 1528 1362 1547 ‚

109 1570 233 1612 quam
266 1556 545 1612 corptfivlorum
580 1556 808 1611 oblongorum
853 1555 903 1614 †,
954 1561 1326 1612 pu‘rptiralceiitiiiin
1350 1593 1361 1612 ,

108 1619 343 1675 corpuscula
394 1622 460 1662 ista
506 1620 717 1674 elliptica‚
767 1622 911 1674 quibus
961 1624 1145 1663 immersa
1192 1635 1235 1663 ac
1270 1637 1361 1677 per-

109 1685 241 1726 mixta
289 1685 411 1735 sunt,
465 1685 744 1736 magnitudine
796 1685 916 1737 longe
952 1687 1230 1727 excedentium
1264 1700 1361 1728 con-

111 1749 373 1800 gregationes.
469 1747 680 1790 Numerus
728 1760 874 1790 eorum
927 1749 968 1789 in
1019 1750 1178 1802 fingulo
1212 1751 1362 1804 pund'to

109 1810 218 1852 haud
251 1812 422 1862 exiguus
452 1813 536 1864 est,
570 1813 617 1853 sc.
651 1811 698 1852 ad
735 1823 824 1860 300
850 1821 920 1853 aut
939 1825 1030 1862 400
1063 1815 1222 1854 circiter
1253 1827 1362 1856 acce-

109 1875 218 1916 dens.
305 1877 372 1917 An
406 1875 636 1931 corpuscula
669 1875 762 1917 haec
794 1875 963 1929 oblonga
998 1877 1078 1929 ipsa
1114 1877 1270 1931 plantae
1303 1878 1362 1918 se-

110 1937 254 1990 mina,
296 1952 345 1980 an
380 1951 477 1981 vero
510 1939 645 1995 puluis
679 1938 877 1981 masculus
898 1971 910 1991 ,
961 1938 1230 1982 foecundam?
1286 1951 1327 1980 et
1347 1972 1360 1991 ,

108 2011 161 2042 an
189 2002 232 2047 in
265 2000 421 2046 lentore
451 2005 521 2048 isto
562 2003 860 2060 corpusculisue
899 2003 1085 2061 ellipticis
1123 2005 1185 2046 vis
1238 2003 1358 2046 lateat

692 2066 825 2110 Hhh
861 2080 886 2107 2
1236 2068 1357 2109 semi·

1396 947 1471 983 Tab
1487 948 1577 982 xm.

1419 1000 1488 1041 fig.
1518 1010 1550 1032 2.

1419 1071 1437 1111 †,
1461 1082 1490 1103 n.

1418 1129 1434 1170 †
1460 1141 1488 1165 ο.
