1856 2653
396 219 422 256 ἓν
809 209 1227 269 »ΞΞἪΜὲΞέω

391 327 500 380 quod-
521 356 554 378 ,⁴
586 324 753 368 simulac
785 339 894 368 vnus
924 325 1047 381 ipsius
1079 338 1109 367 x
1142 324 1258 368 valor
1290 325 1470 381 quaesito
1497 328 1647 371 satisfa-

385 393 495 431 ciens
542 392 664 432 fuerit
715 394 933 444 cognitus,
981 390 1137 432 infinite
1177 390 1319 432 multis
1360 392 1491 433 modis
1521 395 1646 434 etiam

392 455 434 494 in
466 456 635 508 integris
668 456 788 508 ipsius
821 469 850 497 x
882 455 1085 497 valoribus
1124 457 1309 509 praestari
1348 457 1472 510 potest
1491 487 1505 507 ,
1551 457 1644 511 qui-

392 530 550 573 cunque
582 521 706 560 etiam
741 532 816 574 pro
844 520 875 571 l,
904 534 941 560 m
973 529 1014 559 et
1045 532 1070 560 n
1100 520 1260 560 numeri
1303 522 1449 573 integri
1492 532 1646 574 ponan-

393 592 462 624 tur
484 614 496 634 ,
547 586 671 625 modo
720 582 737 623 I
766 584 815 624 sit
849 578 1042 624 numerus
1077 583 1279 638 positiuus,
1304 596 1383 624 non
1417 587 1648 639 quadratus.

391 648 531 701 Atque
580 646 832 688 solutionum
884 648 1033 689 harum
1082 648 1446 689 innumerabilium
1494 646 1651 699 insigne

390 712 678 766 compendium
711 724 760 752 ex
794 724 842 751 eo
883 714 1067 767 petitur,
1115 712 1224 765 quod
1272 713 1454 763 constet,
1504 722 1649 752 omnes

390 776 482 816 istos
532 775 654 828 ipsius
703 788 732 815 x
767 775 923 816 valores
957 779 1117 818 idoneos
1151 777 1367 816 secundum
1400 777 1545 818 seriem
1578 787 1644 815 re-

390 850 621 880 currentem
658 839 881 893 progredi,
928 842 1044 883 cuius
1079 839 1226 891 singuli
1261 841 1428 880 termini
1460 851 1512 880 ex
1542 838 1648 879 binis

392 903 712 959 praecedentibus
745 914 848 944 certa
882 915 922 946 et
955 905 1141 946 constanti
1176 904 1264 955 lege
1312 904 1648 945 determinantur.

388 968 561 1022 Semper
613 977 750 1008 autem
805 968 926 1010 huius
978 969 1132 1021 generis
1180 966 1439 1010 resolutiones
1488 968 1535 1008 ad
1571 965 1649 1009 hoc

388 1031 591 1084 redeunt,
625 1042 671 1072 vt
707 1031 914 1086 proposito
943 1045 1117 1073 numero
1151 1044 1391 1086 quocunque
1419 1031 1436 1073 l
1466 1032 1648 1073 inuenia-

391 1105 460 1137 tur
495 1107 691 1137 numerus
724 1098 941 1149 quadratus
970 1110 1046 1150 qq,
1079 1096 1151 1150 qui
1199 1108 1271 1150 per
1323 1096 1447 1136 illum
1500 1095 1650 1137 multi-

388 1160 561 1214 plicatus
581 1190 594 1210 ,
642 1159 787 1201 adscita
835 1163 988 1201 vnitate
1022 1191 1034 1209 ‚
1080 1161 1234 1200 iterum
1283 1157 1354 1200 fiat
1404 1160 1618 1212 quadratus
1637 1190 1653 1211 ‚

390 1223 474 1264 siue
508 1232 555 1262 vt
585 1221 769 1270 qu÷1
811 1218 883 1258 fiat
915 1228 1054 1272 :pp3
1086 1221 1193 1269 qnod
1225 1221 1391 1269 quidem
1426 1222 1467 1260 in
1517 1221 1654 1261 stadiis

391 1296 511 1341 atque
546 1282 683 1338 paucis
715 1281 952 1334 quibusdam
987 1278 1134 1319 casibus
1166 1279 1295 1319 obuiis
1328 1279 1440 1320 facile
1481 1283 1650 1328 expedi.-

391 1359 463 1391 tur
483 1379 497 1401 ,
534 1358 683 1390 verum
705 1375 717 1395 ,
767 1344 798 1385 fi
834 1357 909 1398 pro
939 1343 1086 1397 quouis
1116 1342 1255 1383 valore
1287 1343 1412 1396 ipsius
1442 1343 1460 1383 l
1488 1346 1647 1387 valeres

391 1414 518 1469 ipsius
548 1424 572 1465 q
613 1409 762 1461 integri
811 1408 1112 1458 desiderentur,
1163 1406 1350 1447 multum
1400 1407 1653 1450 difficultatis

392 1477 512 1520 habet
532 1508 545 1529 ,
591 1476 769 1528 adeoque
802 1473 976 1526 dignum
1009 1471 1182 1512 omnino
1214 1472 1269 1512 est
1290 1502 1304 1522 ,
1349 1470 1391 1511 in
1425 1482 1508 1525 quo
1541 1471 1654 1515 Geo-

391 1530 622 1584 metrarum
656 1540 694 1580 se
726 1547 906 1578 exerceat
940 1536 1145 1577 industria·
1209 1535 1346 1592 Quam
1375 1535 1522 1577 Pellius
1547 1537 1654 1579 ol'im

390 1607 524 1656 dedit,
556 1605 597 1644 in
632 1604 668 1644 se
702 1601 1009 1653 ingeniofisfima
1044 1600 1098 1640 est
1129 1597 1300 1652 soluti03
1331 1599 1377 1640 ad
1412 1612 1533 1654 quam
1569 1610 1653 1642 tae-

391 1656 522 1713 diosos
570 1675 708 1708 autem
760 1674 801 1705 et
850 1664 1036 1707 molestos
1068 1661 1241 1704 calculos
1262 1694 1274 1716 ‚
1325 1675 1421 1703 cum
1451 1666 1655 1707 continuis

391 1735 576 1777 radicum
607 1728 921 1771 extractionibus
956 1727 1183 1769 absoluatur
1205 1757 1216 1775 ‚
1249 1740 1292 1768 ea
1327 1727 1529 1777 deducat,
1563 1738 1650 1769 ten-

392 1798 496 1840 tanti
528 1806 628 1837 mox
659 1793 821 1848 patebit.
920 1794 996 1835 Hic
1030 1793 1158 1845 igitur
1193 1790 1261 1832 Ill.
1295 1791 1452 1833 Aucftor
1493 1805 1649 1834 nouum

391 1861 596 1917 quoddam
632 1857 891 1910 Algorithmi
925 1869 1050 1911 genus
1070 1889 1082 1909 ,
1120 1855 1234 1898 cuius
1266 1857 1359 1898 vim
1391 1865 1431 1896 et
1464 1867 1653 1898 naturam

396 1926 481 1968 iam
516 1924 673 1978 pridem
705 1923 748 1963 in
782 1922 846 1963 his
873 1921 1187 1964 Commentariis
1205 1920 1490 1962 demonstrauit
1512 1952 1523 1970 ‚
1555 1921 1655 1962 huie

397 1988 642 2046 problemati
689 1985 884 2041 adplicuit
931 1995 1052 2041 atque
1102 1997 1180 2040 pro
1228 1984 1416 2026 omnibus
1450 1985 1669 2028 valori'bus·

398 2053 526 2114 ipsius
555 2051 575 2097 l
600 2051 876 2097 centenarium
907 2062 987 2095 non
1020 2049 1293 2108 superantibus
1325 2049 1486 2094 idoneos
1536 2049 1659 2093 valo·

1591 2126 1655 2158 tes
