1856 2653
460 203 1156 248 FVNCTIONVM.
1379 224 1429 250 11

182 319 248 363 h'is
281 317 404 361 tribus
436 319 674 363 coordinatis
707 331 847 359 omnes
881 319 997 373 plane
1039 317 1194 359 valores
1235 318 1439 360 succcss'iue

180 385 363 437 affignari
399 386 548 426 debent.
612 385 748 440 Quare
782 384 811 424 fi
846 384 1012 426 densitas
1047 384 1088 423 in
1124 384 1269 437 quouis
1290 384 1442 437 pumero

179 452 401 504 quantitate
435 462 461 490 v
495 448 721 502 designetur
742 480 753 500 ,
803 461 847 490 ea
883 458 1075 502 tanquam
1117 449 1270 489 functio
1309 458 1442 487 terna-

180 526 278 555 rum
313 512 572 554 variabilium
605 525 633 553 x
654 543 666 563 ,
687 527 719 563 y
752 522 792 554 et
825 525 851 553 z
893 513 1056 567 spectari
1100 513 1222 553 debet.
1309 513 1371 554 Ac
1414 510 1445 551 fi

180 577 403 635 particulae
435 577 557 617 huius
592 578 775 630 corporis
812 587 930 617 motu
963 588 1204 630 quocunque
1222 578 1444 628 agitentur,

182 644 377 696 cuiusque
411 643 551 696 puniti
588 650 725 682 motus
758 653 839 680 non
875 642 1007 681 solum
1044 641 1090 680 ab
1122 642 1205 680 eius
1237 641 1314 680 situ
1360 649 1443 680 ter-

180 706 243 751 nis
291 706 528 747 coordinatis
562 704 865 745 determinando
889 736 899 755 ,
934 704 996 746 sed
1035 706 1160 744 eliam
1202 717 1223 744 a
1258 714 1443 758 tempore

182 770 366 824 pendebit
388 801 398 821 ,
432 772 536 811 vnde
568 778 705 810 motus
740 777 934 822 tanquam
965 768 1119 810 funetio
1154 778 1329 824 quatuor
1367 781 1440 809 va-

181 834 389 876 riabilium
422 834 588 889 spestari
621 833 784 874 debebit.

332 973 375 1010 9.
443 961 671 1004 Constituta
706 960 780 1003 hac
815 960 1075 1002 functionum
1111 961 1276 1002 notione
1310 972 1353 1002 ac
1386 958 1450 999 di-

175 1024 352 1078 visione,
368 1027 627 1068 fundamenta
671 1026 891 1078 Analyseos
934 1025 1197 1066 infinitorum
1235 1023 1449 1066 clariffime

180 1091 284 1131 tra-di
320 1101 512 1144 poterunt
533 1123 545 1142 ‚
578 1103 679 1145 quae
712 1089 917 1144 disciplina
951 1088 1275 1130 commodissime
1308 1090 1351 1128 in
1387 1093 1450 1127 tot

183 1163 315 1207 partes
345 1155 594 1193 distribuitur
617 1184 628 1201 ,
679 1164 780 1203 quot
812 1155 958 1190 dantur
991 1153 1250 1189 functionum
1286 1150 1415 1190 claffes
1436 1179 1448 1199 ,

185 1224 397 1269 propterea
448 1217 557 1267 quod
610 1212 787 1261 singulae
838 1210 1103 1262 peculiaribus
1152 1213 1364 1264 principiis
1399 1224 1451 1264 *ac

172 1271 406 1331 ”praeceptis
439 1275 530 1313 sunt
563 1271 896 1325 superstruendae.
986 1271 1121 1311 Prima
1163 1273 1293 1324 igitur
1327 1286 1451 1327 par-5,

183 1351 284 1394 quae
318 1341 398 1378 fere
430 1336 511 1378 sola
542 1335 672 1376 adhuc
707 1336 760 1376 est
793 1333 966 1386 exculta,
984 1344 1024 1375 et
1057 1336 1105 1375 ad
1139 1348 1264 1390 quam
1297 1338 1451 1394 princi-

184 1403 251 1457 pia
286 1400 427 1443 calculi
462 1397 734 1441 differentialis
767 1408 807 1439 et
833 1398 1040 1451 integralis
1075 1401 1331 1453 potiffimum
1359 1403 1450 1444 sunt

182 1465 500 1515 accommodata,
519 1466 621 1505 circa
654 1463 877 1503 functiones
895 1465 1036 1504 vnicae
1061 1465 1261 1505 variabilis
1289 1467 1450 1507 versan-

182 1539 264 1572 tur.
299 1531 440 1571 Primo
457 1528 603 1581 ergosi
631 1539 659 1575 y
692 1527 812 1567 fuerit
845 1527 1002 1569 func'tio
1035 1539 1293 1584 quaecunque
1328 1522 1451 1582 vnius

184 1593 390 1636 variabilis
435 1604 464 1632 x
488 1623 499 1643 ‚
540 1591 777 1633 confiderari
818 1591 945 1632 solent
982 1593 1228 1633 incrementa
1269 1592 1336 1634 vel
1377 1594 1449 1634 de-

186 1667 392 1698 crementa
427 1655 540 1698 illius
580 1655 795 1697 functionis
822 1655 996 1707 y,dum
1038 1658 1236 1711 quantitas
1277 1670 1304 1698 x
1345 1670 1450 1712 quo-

186 1734 345 1776 cunque
378 1729 599 1772 augmento
632 1719 821 1761 increscit.
889 1719 1048 1760 Deinde
1081 1719 1158 1761 hoc
1177 1732 1449 1773 augmentum

186 1788 382 1829 continuo
415 1785 611 1825 imminui
646 1785 897 1839 concipitur,
928 1785 1049 1825 donec
1091 1788 1251 1827 tandem
1289 1788 1449 1839 prorsus

175 1850 389 1893 euanescat
416 1881 428 1901 ,
485 1861 568 1903 quo
617 1850 784 1901 quidem
836 1849 922 1890 casu
973 1851 1096 1889 etiam
1149 1851 1448 1890 incrementum

184 1914 403 1959 functionis
424 1926 456 1965 y
491 1914 531 1953 in
566 1911 746 1954 nihilum
781 1912 1002 1966 abit‚quae
1043 1924 1258 1965 augmenta
1299 1926 1446 1956 euane-

189 1980 330 2023 scentia
364 1990 461 2020 cum
494 1976 766 2018 differentialia
801 1987 995 2018 vocentur
1016 2009 1026 2029 ,
1066 1978 1230 2019 euidens
1270 1979 1323 2019 est
1345 2011 1355 2030 ‚
1401 1991 1446 2018 ea

191 2044 324 2085 omni-a
359 2042 579 2097 quantitate
610 2041 683 2083 effe
715 2041 921 2093 destituta,
948 2041 1159 2097 nihiloque
1177 2043 1272 2084 adeo
1305 2055 1447 2096 aequa-

194 2106 248 2147 lia
271 2138 282 2158 ,
315 2107 370 2147 ita
403 2116 450 2147 vt
482 2107 530 2149 de
563 2118 708 2148 eorum
741 2108 961 2160 quantitate
995 2106 1107 2148 nulla
1139 2107 1311 2160 quaestio
1337 2107 1448 2148 insti-

196 2173 259 2214 tui
314 2169 442 2227 poffit.
526 2170 671 2226 Neque
718 2172 843 2212 etiam
894 2169 1070 2213 calculus
1102 2170 1447 2216 differentialis-in

782 2234 818 2277 B
853 2248 878 2275 2
1322 2247 1449 2290 quan-
