1856 2653
327 134 925 197 *PARA'LLAXEOS
965 150 1198 200 SOLIS.
1301 168 1386 208 505

142 261 233 308 ’visa
266 266 528 307 differentiam
562 263 953 307 semidiametrorum
987 266 1090 308 Solis
1128 277 1168 308 et
1221 270 1389 311 Veneris

145 333 304 385 superet
324 361 334 381 ,
365 331 429 370 vel
462 330 507 370 ab
537 340 580 367 ea
614 328 779 369 deficiat.
855 331 906 370 ln
939 331 1065 383 priori
1100 332 1183 370 casu
1218 333 1386 374 assumto

145 394 228 434 alio
264 403 472 434 momento
507 393 791 446 praecedente,
844 393 883 432 in
932 394 1096 434 secundo
1144 404 1279 434 autem
1331 396 1387 434 se-

142 455 672 510 quente‚computodenuo
701 456 924 511 parali-axin
960 458 1124 496 Veneris
1159 458 1199 496 in
1234 458 1389 508 Longi·

146 521 330 560 tudinem
363 529 403 560 et
436 520 711 561 Latitudinem
734 551 746 570 ‚
796 533 842 559 ac
875 522 1006 561 denuo
1036 521 1262 560 distantiam
1296 533 1389 561 cen-

145 591 308 624 trorum
362 594 618 637 apparentem
671 584 842 625 obtineo.
938 583 1051 623 Vnde
1112 584 1391 638 interpolando

145 654 306 701 tempus
337 647 538 687 contactus
567 648 793 701 apparentis
823 648 980 686 eruitur
1004 678 1015 697 ‚
1052 648 1159 699 quod
1194 647 1390 687 collatum

139 722 236 750 cum
271 720 478 752 momento
511 711 715 752 contaetus
745 723 795 751 ex
828 720 963 752 centro
997 708 1179 750 Telluris
1230 711 1389 764 spectati

137 773 325 816 effectum
361 774 606 827 parallaxeos
641 775 833 828 patefacit.

285 837 396 879 Cum
445 837 733 878 obseruationes
781 836 829 875 ad
879 834 1014 888 Caput
1054 834 1188 876 Bonae
1219 834 1311 889 Spei
1350 846 1392 879 et

135 895 385 952 Selenginski
438 900 592 942 habitae
637 911 733 953 prae
783 898 947 951 reliquis
993 898 1180 938 omnibus
1214 901 1388 941 maximi

135 960 214 1002 fint
266 965 498 1013 momenti,
547 963 699 1018 quippe
751 973 851 1015 quae
886 962 989 1000 inter
1021 962 1057 1000 se
1092 959 1259 1001 collatae
1292 963 1388 1004 effe-

134 1023 250 1066 etum
286 1026 528 1078 parallaxeos
563 1027 760 1065 maiorem
811 1024 980 1073 sistunt,
1039 1035 1160 1077 quam
1212 1024 1386 1079 reliquae

134 1088 446 1139 obseruationes,
476 1100 551 1142 pro
584 1087 664 1127 istis
694 1086 794 1125 binis
827 1085 926 1125 locis
960 1087 1172 1139 praecipua
1207 1086 1384 1129 elemen-

136 1159 208 1202 ta,
261 1161 385 1207 prout
435 1164 458 1192 a
508 1161 575 1192 me
632 1150 722 1192 sunt
772 1158 1035 1209 computata,
1086 1162 1282 1206 apponere
1316 1151 1384 1194 hic

134 1211 263 1258 liceat.

271 1281 456 1337 Tempus
489 1282 693 1325 contaetus
727 1283 873 1324 interni
905 1282 953 1325 ad
988 1282 1257 1324 meridianum
1275 1277 1380 1324 Gre-⁴

131 1343 382 1385 nouicenstzm
429 1347 484 1384 est
539 1340 715 1384 20¹³.20‘
744 1347 835 1394 8⁰,
884 1345 991 1384 idern
1030 1347 1077 1384 ad
1113 1345 1381 1385 meridianum

128 1405 284 1458 Capitis
335 1407 469 1445 Bonae
502 1407 595 1456 Spei
627 1406 705 1442 erit
743 1398 1045 1453 21''·33'·43“
1081 1415 1110 1445 t.
1145 1419 1185 1448 v.
1247 1407 1381 1448 Diffe-

128 1468 260 1508 tentia
295 1467 620 1518 Longitudinum
654 1464 758 1507 Solis
797 1476 837 1506 et
877 1467 1075 1517 Veneris,
1123 1480 1218 1508 cum
1269 1471 1380 1509 eius·

129 1530 223 1571 dem
259 1530 491 1572 Latitudine
531 1542 657 1580 vera,
709 1529 806 1570 huic
855 1530 1030 1584 tempori
1077 1539 1381 1586 competentes,

127 1594 246 1648 supra
298 1594 381 1634 iam
435 1595 523 1636 sunt
556 1592 767 1634 exhibitae.
865 1594 1020 1635 Eodem
1056 1596 1252 1648 temporis
1287 1608 1380 1637 mo-

131 1667 272 1698 mento
308 1669 375 1710 per
405 1657 680 1712 aequationem
716 1658 911 1712 temporis
944 1680 983 1686 —
1011 1657 1179 1707 1‘.51ss
1214 1658 1254 1698 in
1290 1671 1380 1699 me·

129 1722 248 1763 dium
283 1723 471 1763 conuerso
492 1753 503 1773 ‚
534 1720 709 1774 quaesiui
744 1721 940 1775 punctum
974 1721 1198 1774 aequatoris
1220 1752 1232 1773 ‚
1270 1725 1378 1775 quod

130 1794 227 1825 tunc
261 1786 482 1826 meridiano
513 1784 667 1838 Capitis
701 1783 833 1827 Bonae
851 1784 943 1838 Spei
966 1785 1226 1838 respondebat.
1267 1785 1377 1827 Dein

128 1847 254 1903 posita
287 1848 520 1903 obliquitate
554 1848 771 1902 Eclipticae
811 1849 1125 1897 230.28‘.1Sss‚
1166 1849 1375 1898 inuestiga-

128 1912 175 1953 vi
205 1910 405 1952 necessaria
439 1910 636 1952 elementa
669 1913 715 1953 ad
750 1910 971 1967 parallaxin
1004 1911 1171 1952 Veneris
1204 1913 1244 1951 in
1265 1911 1376 1952 Lon-

127 1976 356 2030 gitudinem
390 1984 430 2016 et
478 1976 751 2018 Latitudinem
802 1974 1072 2028 eliciendam,
1121 1984 1161 2016 et
1212 1975 1373 2018 tandem

189 2037 700 2084 Tem-X1.N0u.Comm.
919 2039 948 2085 S
966 2050 982 2079 s
1001 2050 1019 2081 s
1301 2049 1372 2095 pet
