1856 2653
488 223 575 269 308
727 213 1473 262 SVPPLEMENTA

484 330 694 383 infigniori
745 331 916 371 firmum
969 329 1057 371 fieri
1111 331 1322 373 metal¹um
1347 361 1359 382 ,
1424 330 1487 371 vti
1549 327 1736 384 reliqua,

485 397 658 437 omnino
688 396 998 436 existimandum
1030 396 1083 436 est
1105 427 1115 446 ‚
1150 406 1190 436 et
1222 396 1359 437 omnia
1392 392 1552 434 metalla
1584 394 1625 434 in
1661 396 1736 436 ssa-

485 468 529 499 tu
566 459 776 500 soliditatis
809 459 873 499 vel
909 458 1116 499 firmitatis
1150 459 1254 511 effe,
1308 461 1358 500 ob
1399 458 1562 497 eandem
1611 459 1737 500 ratio·-

483 535 576 563 ncm
614 535 654 562 ac
690 523 950 563 Mercurium
985 523 1240 575 congelatum
1292 534 1458 576 corpora
1504 532 1581 574 que
1642 534 1738 562 con-1

484 587 613 638 gelata
665 587 739 626 alia
765 617 775 637 ,
839 592 919 626 iam
971 587 1011 626 in
1063 586 1327 628 differtatione
1384 584 1512 639 priori
1571 586 1737 626 demon-

485 650 604 690 straui
638 679 649 698 ,
720 652 827 702 quod
876 651 1030 689 nemini
1081 651 1250 691 dubium
1304 649 1376 690 effe
1428 649 1553 702 potest
1590 678 1601 696 ,
1667 649 1739 702 qui

485 713 531 752 ad
605 714 824 763 genuinam
896 713 1182 765 congelationis
1265 715 1473 754 notionem
1557 713 1736 752 attendit.

486 776 639 829 Aqua,
689 775 830 827 glacies
862 777 942 816 fusa
978 779 1018 816 in
1051 778 1220 827 glaciem
1253 776 1333 816 abit
1354 807 1365 826 ,
1415 785 1455 815 et
1494 774 1543 815 fit
1594 770 1742 828 corpus

483 839 657 879 firmum
700 839 849 892 frigore
897 838 981 878 solo
1032 841 1095 879 seu
1146 841 1419 879 diminutione
1465 836 1636 888 caloris,
1686 838 1741 878 sic

485 904 623 943 omnia
654 900 776 944 fluida
797 934 809 954 ‚
859 901 1022 942 metalla
1059 903 1137 943 fusa
1169 911 1210 942 et
1243 901 1319 942 alia
1340 933 1350 953 ,
1401 910 1449 942 vt
1481 903 1642 942 vitrum
1676 902 1742 941 fu-

483 966 573 1006 sum
607 974 679 1008 etc.
714 966 814 1007 dum
845 965 1117 1006 diminutione
1151 966 1295 1006 caloris
1345 964 1466 1005 firma
1516 964 1653 1016 fiunt,
1699 965 1745 1005 in

483 1029 652 1084 speciem
687 1031 886 1082 quandam
923 1029 1063 1080 glaciei
1096 1030 1202 1069 abire
1232 1030 1322 1069 sunt
1357 1030 1557 1069 censenda.

640 1091 706 1133 De
742 1095 1003 1145 proportione
1034 1093 1176 1130 niuem
1209 1093 1314 1131 inter
1345 1101 1384 1131 et
1429 1092 1639 1142 spiritum,
1673 1099 1744 1141 pa-

485 1165 584 1193 rum
618 1162 689 1194 aut
724 1154 829 1194 nihil
864 1155 1033 1194 omnino
1067 1151 1191 1193 habeo
1226 1154 1332 1206 quod
1374 1154 1529 1193 addam.
1629 1151 1743 1192 Nam

486 1226 559 1257 aut
589 1217 753 1270 spiritus
787 1218 874 1257 niui
909 1217 1207 1270 superfunditur
1228 1248 1239 1267 ,
1272 1225 1342 1257 aut
1377 1217 1448 1256 nix
1482 1215 1645 1269 spiritui
1680 1215 1745 1254 in-

488 1279 573 1320 suso
624 1279 792 1319 additur.
893 1280 941 1320 In
995 1281 1081 1320 casu
1135 1281 1262 1332 priori
1314 1280 1527 1333 proportio
1568 1280 1674 1319 niuis
1704 1285 1754 1318 et*

487 1341 651 1396 spiritus
682 1341 723 1381 in
756 1343 916 1382 censum
948 1340 1062 1394 plane
1096 1354 1177 1382 non
1209 1343 1322 1382 venit
1354 1351 1394 1381 et
1425 1343 1565 1382 venire
1606 1342 1743 1394 potest.

490 1405 728 1447 Infunditur
761 1406 871 1445 enim
904 1405 993 1443 niui
1026 1405 1188 1455 spiritus
1208 1436 1219 1456 ‚
1268 1406 1337 1445 vbi
1370 1405 1438 1445 vel
1470 1404 1746 1444 Thermome-

492 1476 606 1508 trum
642 1468 728 1506 niui
759 1468 1002 1508 immersum
1036 1467 1120 1516 est,
1150 1466 1251 1514 vel,
1308 1467 1502 1507 infufione
1544 1468 1641 1507 fasta
1681 1466 1747 1509 illi

492 1530 772 1580 immergitur.
870 1528 991 1583 Quod
1022 1529 1054 1569 'si
1089 1541 1189 1569 vero
1220 1529 1380 1580 spiritus
1415 1531 1527 1583 prius
1560 1531 1747 1570 infunda-

496 1602 596 1645 tur,
646 1601 753 1633 tanta
804 1592 911 1631 niuis
958 1593 1071 1646 copia
1119 1594 1171 1633 est
1214 1593 1379 1632 addenda
1403 1623 1414 1643 ‚
1465 1602 1513 1632 vt
1545 1594 1746 1636 eiusmodi

493 1656 615 1698 massa
645 1654 864 1709 frigorifica
897 1654 968 1697 fiat
1001 1657 1119 1697 instar
1151 1654 1277 1709 pultis
1309 1655 1523 1697 mollioris.
1593 1655 1746 1710 Super-

495 1719 577 1762 fiua
610 1711 676 1759 hic
709 1720 800 1760 efiet
832 1720 1055 1761 adcuratior
1090 1718 1242 1760 mensio
1286 1728 1326 1758 et
1379 1720 1614 1773 ponderatio
1662 1721 1748 1763 mi·

493 1783 730 1826 scendorum
753 1814 765 1834 ,
797 1783 945 1824 scilicet
977 1784 1084 1824 niuis
1114 1793 1154 1823 et
1190 1783 1352 1835 spiritus
1382 1784 1494 1824 nitri.

644 1848 771 1888 Porro
803 1847 1028 1888 desideratis
1072 1847 1332 1888 adnumeraui
1384 1849 1594 1902 praecipue
1640 1859 1745 1901 quo-

498 1922 575 1964 que
607 1911 987 1953 determinationem
1020 1913 1198 1952 duorum
1233 1912 1505 1954 terminorum
1528 1943 1539 1962 ‚
1572 1911 1642 1964 qui
1675 1912 1746 1953 ad-

495 1973 575 2015 huc
609 1975 705 2028 vagi
738 1983 778 2014 et
818 1976 961 2015 incerti
1012 1984 1155 2025 erant,
1204 1974 1352 2015 scilicet
1401 1977 1630 2028 terminus,
1675 1976 1746 2018 vbi
1785 2002 1790 2007 ·

496 2032 729 2082 Mercurius
757 2050 854 2080 cum
887 2038 989 2081 saltu
1020 2049 1061 2081 et
1093 2040 1251 2094 impetu
1294 2041 1454 2082 moueri
1498 2048 1539 2081 et
1587 2040 1745 2080 descen-

1650 2102 1744 2144 der·
