1856 2653
369 214 989 260 FLVIDORVM.
1223 230 1312 266 239

54 330 201 371 dorum
238 330 328 371 sunt
364 328 593 379 inuestigata
619 358 631 378 ,
680 340 731 368 ex
766 327 839 367 hac
875 326 1094 380 hypothesi
1128 328 1202 367 effe
1244 329 1313 369 de-

54 395 215 444 riuata3
266 405 363 447 quae
412 404 506 431 cum
550 393 710 443 egregie
744 404 840 431 cum
873 391 1119 445 experientia
1153 394 1314 433 cousen-

55 457 156 496 tiaut
178 488 188 507 ‚
221 469 270 497 co
305 459 438 498 minus
471 459 695 497 verendum
728 456 781 496 est
803 486 814 507 ‚
848 468 897 495 ne
926 457 965 496 ei
999 456 1132 496 innixi
1168 457 1209 496 in
1245 467 1312 495 er·

54 533 193 562 rorem
229 522 557 575 praecipitemur.

214 619 284 647 10.
318 607 379 649 Sit
414 607 543 659 igitur
579 605 662 648 AB
697 605 931 646 huiusmodi
968 606 1085 645 tubus
1107 637 1117 656 ,
1161 603 1314 658 figurae

54 669 326 724 cuimcunque
347 701 357 720 ,
409 682 450 712 ct
502 672 617 712 cuius
651 670 884 724 amplitudo
918 680 1125 723 Vtcumque
1158 668 1205 708 sit
1242 681 1316 708 va-

53 733 232 784 riabssli53
267 736 306 774 in
342 748 424 789 quo
458 735 632 774 fluidum
670 735 816 774 indolis
845 734 1118 786 cuiuscunque
1146 744 1314 772 mouea-

55 806 139 836 tur.
224 799 288 838 Ad
331 798 441 839 hunc
475 810 639 840 motum
673 798 946 838 definiendum
981 797 1026 836 ad
1059 797 1153 836 duas
1187 808 1315 849 quau-

53 859 186 900 titates
222 862 428 904 variabiles
463 860 702 916 principales
753 860 915 914 spectari
969 869 1164 913 oportet,
1213 871 1314 914 qua-

50 935 146 963 rum
181 925 304 964 altera
339 925 415 966 loci
452 927 493 965 iu
530 927 628 965 tubo
650 955 660 975 ,
713 924 835 964 altera
868 936 969 964 vero
1005 925 1203 978 temporis
1246 925 1316 964 de-

54 988 384 1028 terminationem
418 989 630 1030 contineat.
698 989 776 1029 Pro
809 988 937 1042 priori
972 988 1107 1029 sumto
1142 990 1183 1028 in
1220 987 1317 1028 tubo

53 1050 143 1092 loco
175 1050 262 1092 fixo
297 1054 358 1103 A,
393 1054 611 1094 statuamus
647 1053 787 1105 puncti
820 1053 1094 1105 cuiuscunque
1128 1051 1154 1094 S
1189 1051 1234 1091 ab
1267 1063 1317 1092 eo

53 1113 277 1154 distantiam
311 1116 376 1154 seu
419 1129 560 1155 arcum
611 1116 816 1162 AS:s‚
867 1118 1117 1155 curuaminis
1169 1113 1317 1154 scilicet

55 1176 141 1216 tubi
176 1175 296 1216 simul
330 1179 484 1217 ratione
519 1177 682 1225 habita3
734 1187 825 1216 tum
860 1190 960 1218 vero
993 1189 1070 1230 pro
1102 1177 1315 1233 posteriori

52 1239 204 1293 epocha
238 1241 430 1294 quaedam
487 1239 568 1280 fixa
619 1238 843 1282 stabiliatur
864 1271 876 1291 ‚
927 1254 949 1280 a
998 1253 1076 1292 qua
1129 1249 1314 1293 tempora

52 1303 234 1355 deinceps
292 1312 614 1355 computentur;
664 1311 705 1341 et
755 1314 863 1342 nunc
909 1302 1074 1355 quidem
1117 1314 1315 1356 ponamus

53 1374 217 1418 tempus
247 1365 337 1404 inde
369 1364 550 1417 elapsum
585 1364 658 1406 effe
690 1372 794 1415 εἴ,
829 1366 937 1418 quod
973 1365 1015 1404 in
1048 1365 1219 1405 minutis
1253 1366 1313 1407 se-

50 1428 189 1468 cundis
222 1429 533 1481 exprim-amm,
583 1430 630 1468 ad
681 1429 788 1480 quod
840 1437 1053 1482 propterea
1105 1429 1312 1471 calculum

49 1493 277 1546 sequentem
314 1493 609 1534 accommodari
643 1491 866 1534 conueniet.
935 1492 1205 1547 Quaecunque
1226 1494 1310 1535 iam

51 1556 99 1596 ad
149 1564 312 1594 motum
366 1556 595 1608 pertinent,
645 1567 690 1596 ea
743 1566 813 1608 per
864 1554 934 1595 has
974 1556 1070 1595 duas
1104 1556 1311 1598 variabiles

53 1617 234 1671 exprimi
268 1618 471 1669 oportebit
492 1649 503 1668 ,
536 1628 584 1659 vt
616 1616 869 1669 intelligatur
890 1650 901 1669 ,
954 1631 1069 1671 quon
1083 1619 1161 1661 odo
1194 1619 1310 1662 fluidi

54 1683 174 1724 status
206 1689 290 1720 tam
329 1681 368 1721 in
404 1682 548 1736 quouis
582 1682 667 1723 tubi
702 1680 792 1722 loco
813 1714 825 1736 ‚
875 1689 999 1738 quarn
1039 1685 1087 1725 ad
1137 1685 1310 1739 quoduis

54 1754 217 1800 tempus
249 1745 410 1786 futurus
443 1746 501 1787 fit
525 1755 800 1800 comparatus..

209 1859 277 1886 11.
317 1845 440 1890 Nunc
471 1846 596 1899 igitur
617 1878 628 1899 ‚
663 1846 739 1888 hoc
773 1848 825 1888 est
858 1846 990 1902 elapso
1024 1849 1071 1889 ab
1106 1848 1176 1890 i'la
1210 1859 1309 1902 epo-

52 1907 128 1951 cha
159 1918 346 1964 tempore
381 1921 461 1951 :t
482 1912 550 1952 sec.
587 1924 783 1964 ponamus
815 1911 929 1952 fluidi
967 1913 1184 1966 particulae
1219 1909 1306 1959 inS

55 1971 253 2015 haerentis
303 1973 539 2016 densitatem
587 1976 661 2016 effe
709 1988 821 2028 :qa
871 1976 1111 2029 preffionem
1151 1984 1235 2032 :p
1263 1984 1306 2017 et

53 2037 305 2089 celeritatem
352 2051 432 2094 qua
479 2039 614 2083 versus
663 2040 698 2084 B
749 2040 1013 2098 progreditur.
1055 2054 1169 2095 ,τως
1211 2049 1302 2082 turn

1204 2113 1317 2145 veto

1341 595 1428 630 Tab.
1447 599 1503 632 lx.

1344 649 1414 691 Fig.
1445 659 1477 692 3.
