1856 2653
472 224 564 270 316
714 215 1488 263 SVPPLEMENTA

466 335 692 375 terminum
727 333 861 376 locum
896 332 1010 373 habet
1033 364 1043 384 ,
1100 331 1206 373 vltra
1247 346 1369 388 quim
1423 333 1681 374 instrumenta
1719 363 1735 387 ,

467 411 567 452 quae
602 403 648 441 ad
678 400 997 439 determinandos
1031 399 1174 449 gradus
1208 399 1370 450 frigoris
1404 398 1585 439 adhibere
1621 396 1724 439 sole-

466 475 558 502 mus
593 464 763 504 indicare
795 464 956 514 fragm-s
989 466 1134 514 graius
1168 464 1343 516 amplius
1377 472 1592 515 nequeunt.
1680 460 1727 504 Si

465 540 632 582 corpora
666 527 788 569 fluida
822 536 861 566 et
894 526 1012 568 solida
1046 532 1235 571 darentur
1256 559 1267 579 ‚
1304 539 1404 582 quae
1436 525 1546 580 quasi
1583 526 1624 566 in
1660 526 1727 566 in-

468 592 633 634 finitum
672 600 904 632 contrallere
949 592 983 632 ie
1028 589 1211 645 poffent3
1263 602 1400 645 aptam
1450 589 1728 631 instrumentis
1797 584 1800 586 ’

467 657 681 697 materiam
718 658 900 710 praebere
932 655 1083 710 possent
1117 658 1163 696 ad
1198 658 1344 707 gradus
1398 656 1561 707 frigoris
1617 654 1730 695 sum-

468 732 557 760 mos
587 729 627 760 et
660 722 704 761 ad
738 724 863 773 frigus
885 751 896 771 ‚
948 720 976 760 fi
1011 723 1118 774 quod
1153 720 1336 772 daretur,
1369 719 1596 760 absolutum
1618 749 1633 771 ,
1663 719 1731 759 in·

467 784 696 825 d‘caudum.
793 785 990 826 Ceterum
1025 787 1085 824 vti
1122 783 1286 825 nullum
1321 785 1448 836 frigus
1483 795 1555 836 per
1588 782 1624 824 se
1657 781 1728 823 ab·

467 847 681 900 solutum,
732 849 787 888 ita
840 846 974 887 multo
1024 849 1160 886 minus
1215 849 1323 888 calor
1381 847 1579 888 absolutus
1612 846 1731 889 statui

468 913 628 966 potest,
693 911 734 951 id
785 911 838 952 est
889 910 979 950 talis
1027 910 1171 951 caloris
1222 912 1400 963 gradus,
1450 912 1521 963 qui
1572 911 1737 964 augeri,

471 984 512 1015 et
563 987 647 1029 quo
693 975 823 1015 maior
872 974 1031 1029 concipi
1084 984 1286 1029 nequeat,
1346 975 1536 1029 quamuis
1581 985 1732 1027 corpo·

471 1050 517 1081 ta
570 1039 766 1094 quaedam
817 1047 977 1080 tantum
1035 1049 1196 1079 certum
1228 1038 1371 1080 caloris
1402 1039 1577 1088 gradum
1626 1036 1731 1077 affu-

472 1115 585 1145 mere
639 1111 798 1158 queant.
899 1102 1048 1144 Monui
1100 1103 1184 1140 iam
1236 1103 1278 1141 in
1325 1100 1591 1143 dissertatione
1641 1112 1731 1141 met

470 1166 606 1222 priore
627 1197 638 1217 ,
689 1167 816 1219 frigus
849 1166 956 1219 quod
991 1164 1252 1207 Mercurium
1304 1163 1489 1217 gemuit,
1540 1164 1733 1218 spiritum

472 1231 560 1270 vini
596 1229 972 1270 rectificatiffimum
1022 1228 1130 1269 vltra
1184 1240 1287 1278 300.
1338 1229 1485 1281 gradus
1533 1240 1616 1269 non
1663 1228 1736 1270 de·

474 1292 644 1347 preffiffe
672 1293 715 1333 in
747 1292 1106 1340 Thermometris‚
1156 1304 1257 1345 quae
1292 1292 1368 1334 illo
1400 1299 1515 1332 erant
1566 1291 1733 1346 repleta.

474 1355 784 1398 Confirmatum
817 1354 961 1396 multis
1013 1355 1304 1410 experimentis
1353 1357 1403 1395 de
1450 1367 1560 1395 nouo
1609 1356 1737 1409 captis

473 1418 553 1461 hoc
603 1419 703 1461 vidi.
784 1418 1096 1461 confirmarunt
1143 1419 1343 1458 eiusmodi
1387 1418 1654 1460 differentiam
1690 1428 1735 1463 et
1789 1454 1791 1457 ,

472 1482 550 1525 alia
587 1481 693 1523 mihi
726 1481 907 1521 instituta
940 1480 1227 1532 experimenta.
1296 1481 1477 1532 Impleui
1503 1485 1576 1522 tria
1597 1481 1734 1524 'rher-

474 1555 678 1588 mometra
710 1543 810 1585 oleis
843 1542 1104 1584 essentialibus
1126 1573 1136 1592 ‚
1187 1553 1288 1596 quae
1320 1542 1407 1582 satis
1440 1554 1620 1585 accurate
1668 1546 1736 1587 in-

475 1618 538 1652 ter
571 1610 607 1651 se
641 1618 681 1649 et
710 1616 804 1648 cum
840 1606 1170 1648 Thermornetris
1206 1607 1511 1649 mercurialibus
1542 1609 1582 1647 in
1638 1619 1735 1661 gra-

475 1675 589 1716 dibus
620 1674 811 1725 frigoris,
841 1685 920 1713 non
957 1671 1164 1723 infigniter
1199 1672 1354 1722 magnis
1377 1704 1387 1723 ,
1432 1673 1733 1715 concordabant.

477 1739 577 1781 Olea
612 1738 855 1778 nominatim
892 1746 1030 1787 erant,
1063 1735 1165 1786 ligni
1207 1735 1403 1784 Sasastas,
1451 1735 1732 1780 Chamaemeli

477 1811 521 1843 et
553 1800 730 1855 Serpilli.
794 1800 902 1843 Haec
933 1798 1020 1841 olea
1053 1798 1353 1851 incongelabilia
1386 1810 1478 1841 ante
1502 1813 1732 1854 repereram

478 1879 561 1908 non
594 1865 727 1906 solum
760 1864 920 1918 frigoris
955 1864 1144 1905 naturalis
1182 1865 1367 1916 gradibus
1403 1865 1576 1907 summis
1597 1897 1609 1915 ‚
1658 1865 1731 1921 qui

479 1928 550 1972 hic
589 1928 825 1982 Petroburgi
872 1929 1037 1970 existere
1088 1927 1216 1971 solent
1235 1960 1247 1980 ,
1293 1930 1354 1970 sed
1405 1931 1530 1974 etiarn
1578 1929 1732 1982 frigore

476 1992 678 2040 artificiali
698 2024 713 2049 ,
742 1992 850 2052 quod
883 1994 1145 2040 Mercurium
1181 1992 1422 2056 congeAEauit²
1516 1993 1732 2040 Descendit

1683 2068 1730 2105 ω
