1856 2653
279 192 640 240 FRIGORE
695 191 1243 238 ARTIFICIALI.
1316 209 1402 247 273

149 319 264 352 trum
297 311 539 352 immersum
575 319 659 352 erat
683 341 695 361 ,
741 308 930 351 instillaui
954 340 965 359 ,
1019 322 1101 363 quo
1133 310 1234 350 sacro
1275 310 1403 350 obstr-

147 377 242 416 vaui
280 374 534 416 Mercurium
572 378 618 417 ad
657 374 745 413 260
800 376 841 414 in
893 373 1218 413 Thermomctro
1275 375 1405 413 nostro

141 439 385 481 descendiffe.
484 437 655 481 Gauisus
707 438 784 477 hoc
836 436 1001 477 successu
1036 439 1234 489 egregio,
1295 436 1402 488 spem

147 505 309 558 concepi
345 503 541 543 maiorem
567 534 578 553 ‚
631 505 714 543 fore
738 531 749 552 ‚
798 510 877 551 vv,
927 501 957 541 ss
991 514 1115 554 porro
1148 499 1405 553 experimen-

146 576 239 607 tum
275 578 460 620 vrgerem
495 598 506 618 ,
553 567 680 618 frigus
714 565 924 606 artificiale
955 565 1127 606 vlterius
1170 564 1406 619 promoueri

143 631 293 685 possit,
343 643 414 672 nec
466 640 636 672 euentus
687 630 797 684 spem
839 629 989 672 fefellit.
1088 629 1199 671 Nam
1232 628 1406 680 repetito

147 696 428 749 experimento
460 696 597 736 eadem
630 694 829 737 Methodo
862 694 1061 748 simplici,
1092 702 1251 733 tantum
1288 690 1406 743 paul-

145 756 192 799 lo
228 760 427 799 maiorem
462 771 584 813 aquae
618 760 732 802 fortis
765 759 1032 812 quantitatem
1067 757 1227 807 infudi,
1258 765 1298 794 et
1332 755 1405 795 ssa-

147 821 226 861 tim
265 822 523 864 Mercurium
555 824 601 864 ad
639 829 728 871 :380
763 821 989 862 descendisse
1022 821 1141 872 vidi,
1191 832 1274 873 quo
1303 818 1407 859 fauo

145 884 518 928 Thermometrum
570 886 612 925 in
663 883 772 926 aliud
822 885 984 925 vitrum
1035 885 1130 924 niue
1166 885 1404 937 repletum,

145 957 361 1003 antequam
396 950 470 990 hos
503 949 664 1002 frigoris
698 948 842 1001 gradus
878 950 993 1002 plane
1032 951 1238 989 amitteret
1259 979 1270 998 ‚
1322 947 1404 986 im-

105 1007 114 1013 *
147 1013 270 1053 merfi
293 1044 306 1064 ,
355 1021 395 1052 et
445 1016 605 1055 tandem
648 1013 722 1056 hoc
763 1014 886 1053 tertio
920 1014 1201 1066 experimento
1236 1012 1403 1053 Mercu-

145 1075 232 1115 rius
265 1077 313 1117 ad
348 1087 454 1126 470.
486 1078 631 1128 gradus
664 1075 785 1118 scalae
818 1077 968 1116 nostrae
985 1077 1189 1117 descendit.
1258 1077 1404 1131 Quum

147 1146 234 1178 tam
266 1140 503 1191 stupendum
539 1141 699 1189 frigoris
733 1139 903 1188 gradum
945 1139 1194 1179 obseruarem
1219 1171 1230 1189 ‚
1277 1137 1404 1178 oculis

148 1201 221 1240 vix
256 1200 376 1242 fidem
414 1200 554 1240 habere
590 1202 737 1253 potui,
769 1201 866 1252 quin
901 1202 1047 1241 credidi
1078 1202 1245 1242 bulbum
1267 1202 1403 1241 Ther-

147 1266 342 1304 mometri
374 1263 448 1305 effe
481 1264 666 1304 stastum·
739 1262 814 1303 Sed
848 1262 974 1303 laetus
1007 1264 1093 1304 vidi
1123 1264 1402 1304 Thermeme-

147 1336 262 1367 trum
294 1327 525 1367 extractum
561 1325 743 1366 illaesum
796 1328 995 1378 quidem,
1049 1335 1090 1366 at
1140 1327 1400 1368 Mercurium

143 1388 262 1443 plane
303 1388 597 1440 immobilem,
641 1389 832 1443 quamuis
869 1392 978 1433 vltra
1018 1402 1087 1430 12.
1123 1391 1281 1432 minuta
1315 1392 1400 1432 iam

143 1452 187 1493 in
221 1454 314 1493 a‘e‘re
347 1451 472 1494 libero
503 1452 607 1492 effer.
704 1453 866 1493 Portaui
903 1454 978 1494 hoc
1028 1453 1398 1496 Thermometrum

143 1515 186 1556 in
221 1517 408 1558 conclaue
445 1526 530 1562 125
569 1515 772 1567 graduum
802 1516 980 1558 calidum
1001 1547 1014 1567 ‚
1053 1527 1093 1558 et
1128 1520 1211 1573 post
1245 1520 1400 1573 aliquot

146 1579 306 1619 minuta
341 1579 571 1620 Mercurius
603 1579 740 1620 rursus
773 1581 934 1622 mobilis
966 1581 1090 1622 taetus
1111 1612 1123 1630 ‚
1173 1582 1399 1623 adscendere

145 1644 290 1696 coepit.
374 1642 434 1683 Vt
484 1652 616 1684 certus
650 1643 790 1685 fierem
825 1658 875 1685 an
909 1658 989 1686 non
1021 1646 1396 1688 Thermometrum

144 1706 376 1747 detrimenti
410 1706 505 1760 quid
535 1706 692 1761 cepisset
712 1738 724 1758 ‚
772 1717 814 1748 et
847 1722 895 1750 an
927 1721 1023 1751 cum
1074 1709 1397 1752 Tliermometro

146 1782 242 1811 meo
273 1770 511 1821 ordinario,
560 1783 644 1824 quo
680 1772 969 1815 obseruationes
1019 1774 1182 1816 instituo
1204 1806 1214 1823 ‚
1265 1775 1395 1815 adhuc

143 1834 316 1889 perfecte
364 1835 645 1885 concordaret;
691 1837 869 1890 suspendi
911 1838 986 1881 hoc
1020 1837 1394 1881 Thermometrum

143 1899 188 1940 in
219 1897 361 1939 eodem
395 1896 487 1940 loco
509 1930 521 1949 ‚
574 1900 639 1940 vbi
672 1901 1047 1944 Thermometrum
1090 1917 1229 1946 meum
1281 1905 1394 1945 ordi-

145 1962 308 2002 narium
345 1961 570 2016 suspensum
601 1975 714 2015 erat,
747 1975 788 2005 et
819 1966 902 2020 post
941 1981 1009 2007 20.
1045 1967 1203 2008 circiter
1238 1968 1394 2008 minuta

148 2023 383 2067 Mercurius
418 2029 655 2080 temperiem
691 2031 793 2071 ae‘ris
826 2030 1034 2072 ambientis
1068 2033 1202 2074 rursus
1236 2032 1393 2073 adsum-

211 2088 718 2137 Tom.X1.Nou.C0mm.
948 2095 995 2139 M
1017 2107 1060 2141 m
1280 2096 1394 2145 serat,
