1856 2653
488 171 579 216 40'2
781 162 1446 209 INSECTORVM

480 276 627 318 coloris
656 288 678 315 e
711 276 886 316 castaneo
935 278 1196 329 nigricantis,
1241 278 1308 319 vel
1358 277 1475 332 plane
1524 275 1633 328 nigri
1685 277 1730 317 im

482 339 686 381 nonnullis
707 370 718 390 ,
769 341 909 393 absque
954 342 1108 381 eximio
1143 338 1344 394 splendore
1365 372 1376 391 ,
1428 351 1509 392 quo
1541 338 1621 380 non
1655 339 1730 380 nist

482 404 622 456 capitis
656 414 779 443 cornu
801 434 815 453 ‚
846 412 884 442 et
921 406 1085 456 quidem
1120 406 1232 446 filcies
1267 404 1391 458 ipsius
1423 404 1564 455 suplna
1597 405 1729 456 potis-

482 467 634 507 fimum
654 497 668 516 ‚
700 466 968 517 distinguitur.
1067 467 1217 520 Supina
1251 480 1350 509 vcro
1382 466 1562 519 corporis
1593 467 1734 520 ihper-'

481 530 588 570 ficies
625 542 748 583 prona
778 530 980 570 obscurior
1001 561 1013 583 ,
1062 540 1110 571 vt
1143 541 1183 570 et
1215 533 1350 572 auersa
1390 530 1622 581 elytrorum
1673 529 1733 570 fa*

480 594 556 635 cies
577 624 588 644 ‚
636 595 794 646 duoque
831 594 984 633 maiora
1017 594 1238 634 abdominis
1274 594 1390 650 proni
1421 585 1619 644 ‘segmenta
1653 606 1733 646 po·-

480 658 570 698 stica
602 656 713 698 villis
744 657 831 696 sunt
865 656 986 697 obsita
1036 657 1272 698 breuiffimis
1293 690 1305 710 ‚
1353 656 1553 706 testaceis;
1601 658 1735 696 rarius*

481 728 616 760 tamen
667 721 789 760 iidem
813 750 825 770 ‚
878 720 944 760 vel
995 719 1110 773 plane
1159 720 1263 762 nulli
1315 722 1360 761 in
1400 719 1541 774 capitis
1572 731 1694 760 cornu
1717 749 1735 770 J

480 784 608 824 antica
640 795 836 825 cornuum
869 782 1041 822 thoracis
1075 794 1184 837 parte
1206 816 1219 836 ,
1272 784 1450 836 corporis
1480 782 1614 823 medio
1657 794 1732 835 pe-

478 846 668 899 dibusque
719 854 967 896 occurrunt,
1017 846 1089 885 vbi
1130 846 1196 887 vel
1251 850 1301 889 ob
1342 846 1570 886 frie‘tionem
1600 846 1733 887 conti-

479 921 605 949 nuam
658 910 870 963 patiuntur
920 907 1130 959 defluuia,
1174 907 1241 949 vel
1291 909 1400 963 quod
1449 909 1572 948 etiam
1623 907 1730 948 hisee

478 972 661 1026 partibus
689 984 833 1012 eorum
867 980 1114 1024 prouentum
1147 972 1405 1024 denegauerit
1423 981 1576 1011 natura.
1612 972 1732 1012 Prae·

479 1032 541 1074 tei·
574 1035 662 1076 istos
692 1033 815 1076 villos
849 1034 925 1087 piri
961 1035 1102 1075 adsunt
1133 1047 1154 1074 e
1194 1037 1287 1076 rufo
1337 1034 1500 1088 spadicei
1523 1063 1535 1083 ‚
1584 1034 1729 1085 qui-bus

477 1109 522 1138 os
540 1128 553 1148 ,
602 1106 840 1148 auten-nate,>
867 1108 1010 1147 margo
1059 1095 1233 1135 thoracis
1284 1098 1460 1137 anterior
1500 1096 1604 1139 circa
1636 1096 1730 1137 col-

478 1158 570 1200 lum
592 1191 607 1212 ,
646 1161 905 1214 eiusdemque
936 1158 1127 1214 posterior
1147 1189 1159 1211 ‚
1191 1159 1372 1200 maxima
1402 1170 1453 1200 ex
1484 1167 1598 1214 parte
1617 1189 1628 1211 ,
1658 1171 1729 1202 ot·-

478 1233 640 1264 uantur.

627 1285 760 1338 Caput
794 1299 869 1340 pro
902 1285 1012 1327 mole
1043 1287 1224 1339 corporis
1255 1298 1432 1340 paruum·
1457 1317 1469 1338 ‚
1498 1281 1731 1339 demiffumg

476 1356 518 1394 et
548 1360 673 1390 cornu
703 1349 782 1387 fere
818 1357 954 1389 totum
982 1349 1061 1389 est:
1111 1349 1238 1388 Prona
1272 1362 1416 1402 nempe
1477 1350 1616 1402 capitis
1661 1352 1731 1390 su-

476 1411 659 1464 perficies
692 1423 816 1451 cornu
850 1411 1045 1460 longioris
1079 1411 1282 1450 recuruati
1318 1422 1364 1450 ac
1397 1411 1605 1455 tridentati
1658 1412 1728 1453 ba·-

476 1473 527 1514 fis
558 1476 610 1515 est
630 1505 643 1524 ‚
672 1474 779 1525 quod
810 1472 967 1512 sursum
1000 1470 1146 1512 leuiter
1181 1470 1338 1510 flexum
1359 1502 1371 1522 ‚
1420 1485 1441 1511 e
1473 1475 1607 1514 latiori
1647 1475 1729 1536 basi-2

475 1548 580 1577 mox
611 1537 872 1587 angustatur,
917 1535 963 1575 ad
1003 1536 1167 1575 dentem·
1215 1531 1481 1594 solitarium,
1526 1548 1553 1575 e
1601 1548 1728 1589 prona

476 1599 601 1652 ipsius
633 1599 760 1651 facie,
794 1609 940 1652 parum
972 1597 1124 1638 eleuata
1146 1628 1159 1648 ,
1199 1598 1501 1652 prodeuntem„
1548 1601 1725 1641 anterio-

474 1675 598 1716 raque
630 1631 870 1715 spec‘ra’ntem
893 1690 907 1711 ,
950 1661 997 1702 ad
1029 1655 1282 1714 eundemque
1314 1629 1622 1716 horizon-taliter
1655 1665 1724 1705 de-

476 1727 712 1779 primitur,
756 1724 900 1765 abhinc
947 1736 1046 1765 vero
1090 1725 1296 1777 aliquanto
1340 1724 1461 1765 latius
1495 1725 1645 1766 fastum
1678 1738 1726 1767 ac

475 1788 810 1842 planiusculum,
855 1787 984 1838 magis
1034 1788 1082 1829 sc.
1131 1787 1296 1838 latum,
1343 1801 1467 1842 quam
1519 1789 1725 1841 crassum,

475 1853 639 1892 eandem
670 1852 717 1891 ad
748 1851 1048 1892 extremitatem
1077 1850 1312 1891 bifurcatam
1343 1853 1422 1893 fere
1464 1863 1589 1905 vsque
1639 1853 1721 1893 ser-

475 1923 547 1955 vat
598 1914 850 1956 latitudinem
872 1946 886 1966 ,
930 1914 1000 1954 vbi
1048 1914 1090 1954 in
1138 1915 1272 1955 dentes
1322 1914 1422 1956 duos
1470 1915 1723 1966 diuergentes

476 1977 728 2023 terminatur·
821 1979 891 2022 Ad
939 1978 1117 2059 eiusdem
1147 1990 1275 2023 cornu
1302 1978 1406 2024 bafin
1437 1987 1610 2035 quatuor
1643 1991 1723 2020 no·

1611 2042 1722 2086 tandi
