1856 2653
585 216 700 270 wgo-'g
731 213 793 272 {Z}
825 216 939 269 &gago-0
1325 228 1384 273 67

219 321 1282 386 PROPRIETATES

134 420 726 482 TRIANGVLORVM,
769 422 1060 479 QVORVM
1109 422 1388 468 ANGVLI

173 492 461 536 CERTAM
511 493 731 535 INTER
783 493 858 534 SE
889 492 1181 536 TENENT
1230 495 1341 536 'RA-

576 562 869 607 ΤΙΟΝΕΜ,

613 701 885 743 Αιιᾶοῐε

505 804 549 847 L.
619 805 656 846 E
689 804 787 846 VL
821 807 858 847 E
889 806 927 848 R
961 805 1009 847 Ο,

125 925 265 1039 Inter
299 937 487 978 veritates
527 938 790 990 geometricas
825 949 898 979 eae
946 938 1203 994 potiffimum
1255 931 1385 980 atten-

210 1002 318 1042 tione
352 1002 442 1042 sunt
474 1002 617 1055 dignae
640 1034 651 1053 ‚
685 1013 861 1057 quarum
894 1004 1183 1044 demonstratio
1230 1003 1285 1041 ita
1334 1001 1386 1041 est

124 1065 326 1105 recondita
348 1097 360 1117 ‚
394 1075 441 1106 vt
468 1065 694 1118 *analyticae
728 1066 1029 1119 inuestigationi-
1061 1069 1136 1108 vix
1168 1064 1280 1106 vllus
1320 1062 1386 1104 lo-

122 1136 193 1166 cus
223 1128 403 1181 relinqui
434 1130 636 1171 videatur.
696 1130 814 1184 ·Quae
839 1132 951 1170 enim
987 1131 1043 1170 ita
1061 1132 1151 1170 sunt
1167 1121 1383 1179 comparass·

123 1196 207 1237 tae,
239 1200 287 1227 vt
321 1189 498 1228 formula
532 1190 732 1238 analytica
765 1189 875 1228 facile
909 1190 1198 1242 comprehendi
1218 1198 1384 1242 queant,

123 1251 297 1291 omnino
329 1250 717 1302 superfluum-foret
736 1279 748 1297 ‚
789 1252 1036 1288 memoriam
1070 1263 1212 1289 earum
1246 1262 1384 1297 recor-

120 1314 279 1356 datione
311 1312 503 1362 fiitigare:
543 1309 590 1348 ad
623 1309 731 1362 quod
763 1319 889 1360 genus
920 1308 1125 1364 piurimae
1157 1301 1383 1353 sectionum

122 1375 358 1416 conicarum
409 1372 675 1428 proprietates
727 1372 838 1414 sunt.
869 1374 1093 1416 referendae
1126 1407 1138 1427 ‚
1203 1386 1383 1429 quarum

121 1436 366 1493 plerumque
399 1439 540 1489 ingens
571 1436 799 1477 multitudo
833 1438 949 1479 vnica
981 1440 1160 1480 formula
1200 1439 1381 1492 analyti-

115 1514 161 1543 ca
202 1500 355 1543 includi
408 1501 547 1555 potest.
627 1499 905 1540 Elementares
954 1511 1092 1542 autem
1144 1502 1380 1554 figurarum

117 1566 382 1621 proprietates
415 1576 464 1603 eo
496 1563 645 1603 maiori
680 1574 776 1604 cura
808 1565 1032 1604 memoriae
1063 1565 1154 1605 sunt
1185 1568 1380 1607 mandan-

116 1630 188 1670 dae
205 1660 218 1680 ,
251 1628 358 1681 quod
398 1624 568 1678 analyfis
597 1626 645 1666 ad
695 1639 757 1668 eas
805 1638 886 1667 non
939 1629 1130 1681 perducat
1153 1660 1164 1680 ‚
1213 1629 1276 1670 sed
1329 1630 1380 1670 iis

119 1693 258 1747 potius
290 1691 338 1731 ad
368 1688 509 1731 altiora
545 1691 705 1730 tendens
736 1690 953 1743 superstrui
986 1692 1133 1732 debeat.
1200 1692 1347 1734 Nescio
1366 1725 1378 1745 ,

119 1768 170 1796 an
220 1753 483 1810 proprietates
539 1753 847 1806 triangulorum
868 1785 880 1805 ‚
928 1767 1024 1809 quas
1072 1754 1142 1796 hic
1189 1755 1380 1797 euoluere

119 1820 340 1870 constitui,
371 1816 678 1858 elementaribus
712 1818 788 1858 fint
821 1821 1143 1862 annumerandae
1165 1849 1176 1870 ‚
1211 1832 1282 1860 nec
1303 1817 1379 1861 ne?

123 1881 169 1925 Si
186 1884 298 1924 enim
331 1883 380 1923 ad
411 1894 551 1923 earum
591 1882 946 1934 demonstrationes
983 1883 1247 1935 geometricas
1288 1884 1377 1938 spe-

120 1945 278 1987 e’cemus
298 1977 310 1997 ,
342 1957 410 1986 eae
440 1947 494 1986 ita
527 1945 633 1986 fiunt
687 1946 928 1998 intricatae,
980 1955 1027 1986 vt
1077 1948 1119 1988 in
1167 1947 1378 1988 elementis

121 2007 259 2050 locum
292 2009 366 2049 vix
399 2010 583 2049 inuenire
615 2019 791 2063 queant:
824 2019 917 2050 tum
950 2022 1050 2050 vero
1090 2011 1232 2063 etiam,
1267 2012 1375 2065 quod

124 2070 192 2112 hic
226 2072 436 2126 imprimis
470 2073 524 2113 est
557 2073 845 2115 obseruandum
868 2105 879 2125 ,
911 2084 961 2114 ne
994 2072 1164 2126 analysis
1208 2076 1375 2128 quidem

122 2135 213 2178 satis
244 2137 408 2179 videtur
440 2136 581 2180 idonea
602 2167 614 2189 ‚
660 2138 709 2180 ad
737 2150 880 2179 earum
918 2138 1135 2180 veritatem
1175 2137 1377 2179 stabilien-

710 2201 734 2244 1
768 2215 794 2242 2
1247 2203 1372 2255 dam;
