1856 2653
282 262 1167 337 MATHEMATICA.

702 402 745 461 Ι.

97 506 192 567 De
236 506 332 565 vsu
373 505 730 566 funfflonum
773 503 1249 564 discontinuarum
1297 504 1351 561 in

596 589 854 672 Analyfi.

272 726 529 793 Audiore
570 726 638 788 L.
687 725 899 787 Eulero
942 744 1072 807 pag.
1122 745 1168 800 3.

95 863 310 1044 Qui
346 892 602 949 probiematis
633 895 683 936 de
716 900 834 934 motu
865 891 1084 934 cordarum
1135 888 1361 933 vibratorio

298 959 514 1000 solutiones
544 959 737 1000 dederunt
768 955 1010 1000 Geometrae
1032 988 1043 1008 ,
1077 968 1155 996 non
1199 952 1273 994 nisi
1304 952 1358 994 il-

296 1022 386 1063 lum
420 1024 554 1063 castum
585 1020 854 1075 contemplati
889 1021 1010 1072 sunt,
1061 1031 1145 1074 quo
1195 1017 1358 1071 figura,

92 1087 232 1127 cordae
261 1088 310 1127 ab
344 1087 464 1127 initio
497 1096 635 1127 motus
670 1085 855 1135 impressa
879 1115 891 1132 ,
942 1084 1139 1133 regularis
1170 1091 1211 1122 et
1252 1090 1358 1123 certa

93 1148 266 1197 quadam
314 1149 546 1194 aequatione
605 1143 894 1193 comprehensa
949 1144 1024 1182 effe
1081 1143 1356 1196 supponitur;

88 1205 267 1246 aiterum
301 1215 400 1244 vero
430 1205 563 1244 casum
586 1233 599 1254 ,
648 1202 678 1243 fi
714 1202 812 1243 haec
846 1202 980 1256 figura
1013 1205 1136 1245 fiierit
1169 1206 1358 1246 disconti-

91 1259 172 1310 n'ua
206 1268 288 1309 flue
323 1267 558 1320 irregularis
583 1298 595 1318 ,
628 1277 825 1319 negarunt
857 1268 906 1308 ad
941 1268 1141 1322 Analyfin
1176 1270 1358 1324 pertine-

90 1344 138 1373 re
168 1342 239 1373 aut
274 1341 411 1372 motus
442 1331 532 1372 inde
565 1330 765 1373 secuturos
797 1329 902 1386 posse
937 1330 1024 1373 vlia
1073 1335 1231 1376 ratione
1283 1335 1356 1376 de·

89 1395 215 1438 finiri.
298 1394 412 1451 Quae
454 1396 620 1450 quidem
654 1395 911 1447 inuestigatio
944 1408 1040 1438 cum
1072 1410 1156 1439 non
1188 1407 1353 1441 tantum

90 1471 142 1502 ex
178 1459 347 1512 Analyfi
384 1459 558 1500 minime
593 1460 889 1513 proscribenda,
920 1459 980 1506 sed
1013 1462 1062 1502 ad
1091 1473 1179 1502 eam
1213 1463 1352 1515 potius

88 1526 209 1566 nouis
224 1522 443 1575 infignibus
460 1522 637 1564 subsidiis
659 1523 863 1565 ditandam
891 1524 1080 1579 inprimis
1097 1524 1188 1579 apta
1211 1526 1352 1571 videa-

89 1596 178 1630 tur:
213 1588 294 1629 iam
331 1587 488 1641 pridem
523 1587 697 1629 Ii‘lustris
727 1587 852 1628 huius
883 1588 1164 1630 dissertationis
1188 1588 1350 1633 Austor

89 1661 256 1695 motum
286 1651 505 1692 cordarum
536 1651 788 1693 vibrantium
820 1652 1111 1705 generaiiffime
1142 1653 1199 1694 ita
1246 1654 1350 1696 defi-

89 1716 200 1757 niuit
220 1746 231 1767 ,
281 1724 329 1756 vt
368 1727 416 1756 ea
464 1715 615 1758 soiutio
662 1717 709 1758 ad
742 1728 884 1757 omnes
919 1727 1057 1759 motus
1088 1726 1131 1758 et
1164 1717 1348 1772 figuras,

83 1780 228 1823 cordae
265 1778 308 1819 in
341 1778 440 1820 statu
472 1779 618 1822 initiali
650 1778 855 1834 impress'as
873 1811 886 1831 ‚
935 1791 1101 1836 pateret.
1194 1782 1345 1825 Statim

88 1853 191 1886 vero
224 1842 423 1897 perspexit
456 1843 630 1886 Illustris
665 1845 743 1886 Vir
764 1875 777 1895 ‚
826 1845 1085 1900 problematis
1119 1845 1347 1888 difficulta-

85 1915 147 1949 tes
178 1909 361 1961 superare
394 1908 612 1961 Analyseos
649 1908 779 1951 adhuc
807 1910 991 1952 excultae
1024 1910 1131 1954 vires
1167 1923 1344 1953 nouam-

84 1982 166 2027 que
195 1971 247 2014 ad
276 1970 319 2015 id
350 1970 588 2017 soluendam
621 1971 767 2015 calculi
816 1973 1023 2030 integi-aiis
1067 1983 1227 2034 partem
1277 1987 1344 2016 re·

683 2049 707 2080 a
741 2047 768 2089 a
1198 2037 1309 2095 quiri
1326 2067 1349 2096 ,
