1856 2653
480 220 568 260 302
882 206 995 257 „4qu
1027 207 1042 256 )
1077 216 1103 245 0
1141 201 1156 261 (
1186 202 1300 255 2:2⁹3<-

621 309 1583 375 DISSERTATIO

478 435 820 480 CONTINENS
866 434 1091 478 PARTIM
1127 433 1580 477 ADDITAMENTA
1617 432 1723 476 NO—

480 502 558 542 VA
611 501 688 541 ET
740 498 1165 541 SVPPLEMENTA
1198 501 1281 540 AD
1316 498 1726 544 DiSSERTATIO-

480 564 615 608 NEM
648 564 730 606 DE
764 561 1236 605 CONGELATIONE
1271 561 1560 606 MERCVRII
1593 563 1725 606 SIVE

482 626 903 679 HYDRARGYffl,
928 626 1154 670 PARTIM
1183 626 1250 669 IN
1285 626 1428 669 ALIA
1460 626 1726 669 CORPORA

564 691 832 736 FRIGORIS
865 690 1257 734 ARTIFICIALIS
1291 689 1648 734 INSIGNIORIS
1731 719 1735 722 -

835 753 1027 798 NOVOS
1062 753 1371 797 EFFECTVS.

963 882 1246 923 Auctore

757 991 800 1034 Ἰ.
868 991 918 1034 Α.
987 990 1448 1036 BRAVNIO.

582 1138 611 1166 x
643 1137 726 1178 quo
759 1131 942 1176 tempore
989 1127 1036 1164 de
1084 1124 1361 1174 congelatione
1411 1123 1606 1173 Mercurii
1656 1122 1740 1166 fiue

615 1188 862 1239 hydrargyri
898 1200 919 1227 a
951 1200 1017 1228 me
1048 1187 1198 1227 detesta
1233 1184 1542 1225 dissertationem
1570 1186 1739 1238 euulga-

488 1253 568 1302 vi,
609 1250 766 1290 nullam
804 1251 1017 1301 praeterire
1069 1250 1244 1301 hyemen
1292 1249 1417 1301 passus
1469 1251 1590 1300 sum,
1639 1252 1740 1304 quin
1812 1266 1816 1269 ¹

490 1314 768 1367 experimenta
802 1311 881 1350 huc
912 1313 1123 1366 spectantia
1165 1312 1415 1350 instituerem
1463 1314 1511 1352 ad
1556 1314 1745 1366 supplen-

492 1380 552 1419 da·
571 1386 617 1417 et-
635 1375 877 1430 -perficienda
898 1405 910 1427 ‚
961 1387 1061 1429 quae
1094 1375 1136 1414 in
1169 1373 1436 1415 difl‘ertatione
1469 1376 1603 1416 nostra'
1638 1377 1741 1420 die'ta

493 1440 819 1483 defiderauimus.

635 1536 980 1580 Existimauimus
1008 1535 1169 1590 quidem
1203 1544 1298 1577 tunc
1332 1539 1528 1591 temporis
1568 1539 1747 1580 eruditos

495 1603 540 1644 in
572 1601 660 1643 aliis
691 1601 919 1652 regionibus
951 1612 1110 1654 quoque
1151 1601 1197 1640 ad
1249 1597 1343 1639 haec
1393 1600 1605 1644 defiderata
1653 1603 1749 1656 sup-

498 1667 639 1721 plenda
671 1664 789 1704 suum
823 1663 896 1704 effe
928 1663 1177 1715 collatur0s;
1225 1663 1286 1703 sed
1318 1663 1401 1716 spes
1457 1677 1527 1705 nos
1577 1665 1716 1707 fefellit
1735 1696 1749 1718 ,

499 1741 626 1783 neque
657 1739 763 1768 nunc
797 1728 1002 1782 speramus
1035 1739 1229 1780 vmquam
1255 1726 1365 1766 facile
1398 1726 1475 1768 hoc
1494 1730 1589 1770 fore.
1632 1728 1747 1770 Nam

498 1792 720 1846 requiritur
770 1793 939 1832 omnino
994 1790 1166 1843 insignis
1206 1790 1372 1843 quidam
1415 1792 1572 1843 frigoris
1601 1792 1747 1843 gradus

501 1854 691 1897 naturalis
724 1856 765 1895 in
799 1857 889 1895 ae're
922 1855 970 1895 ad
1003 1853 1294 1907 congelandum
1328 1853 1584 1895 Mercurium
1605 1884 1617 1905 ‚
1657 1865 1748 1897 tan-

500 1933 622 1974 quam
658 1919 836 1959 conditio
868 1919 949 1959 sine
982 1931 1059 1972 qua
1092 1931 1168 1958 non
1190 1948 1201 1968 ,
1233 1917 1302 1969 qui
1336 1917 1378 1956 in
1413 1918 1638 1971 regionibus
1664 1918 1747 1959 mi-

501 1994 577 2025 nus
607 1981 827 2023 borealibus
861 1994 987 2036 eoque
1033 1980 1286 2021 calidioribus
1338 1992 1462 2032 raro,
1511 1990 1581 2022 aut
1628 1981 1761 2036 plane*
1851 1996 1853 1998 ·

500 2039 586 2100 non
617 2046 783 2088 existere
815 2045 924 2087 solet.
1011 2043 1168 2088 Gradus
1201 2044 1361 2096 frigoris
1393 2046 1590 2089 minimus
1628 2054 1750 2085 natu-

569 2128 573 2132 ⁴
1066 2106 1068 2108 ’
1623 2106 1717 2150 ralis
1735 2137 1749 2160 ‚
