1856 2653
316 181 954 228 METEOROLOGICARVM
998 185 1048 226 A.
1085 191 1219 233 1761.
1306 197 1396 238 357

143 302 245 343 dum
282 300 571 342 obseruationes
605 300 751 340 nostras
783 311 906 354 quam
942 299 1081 341 aestate
1116 299 1293 340 minores
1326 301 1399 341 effe

144 364 280 408 solent.

295 446 682 490 Considerandae'et
715 459 820 488 nunc
855 458 979 500 porro
1012 447 1103 487 sunt
1140 445 1402 487 circumstan-

145 511 221 550 tiae
254 513 321 554 sub
354 513 495 566 quibus
527 513 654 564 frigus
690 512 922 552 maximum
955 520 994 550 et
1027 510 1136 552 calor
1194 513 1402 552 maximus

142 586 308 617 euenere
343 576 419 618 hoc
450 590 553 617 anno
581 608 591 628 ,
643 586 691 616 vt
725 585 856 631 pateat
887 586 926 616 et
960 574 1027 619 hic
1049 608 1060 628 ‚
1110 588 1188 616 non
1223 575 1290 615 sub
1331 576 1402 614 iis·-

141 641 268 693 dem,
320 642 379 684 sed
432 641 708 682 diuerfiffimis
758 641 854 682 hacc
905 642 1078 682 accidere
1127 640 1286 691 solere,
1337 639 1399 679 vti

141 717 300 758 quoque
336 705 378 746 hi
415 708 581 747 termini
617 706 760 746 caloris
795 707 970 746 maximi
1004 716 1043 746 et
1099 704 1263 745 minimi
1319 716 1399 745 non

140 768 282 813 iisdem
319 769 515 811 mensibus
547 772 778 822 contingere
812 770 951 811 solent.

292 860 529 902 Maximum
565 859 695 910 igitur
729 859 855 912 frigus
889 855 1012 898 huius
1045 858 1136 899 anni
1178 869 1279 908 193.
1314 856 1402 899 De·

137 923 306 964 cembris
360 936 429 965 10.
480 923 521 963 h.
581 935 650 964 11.
707 937 744 978 p.
799 936 855 964 m.
891 924 944 964 est
985 927 1245 974 adnotatum,
1276 932 1402 962 vento

139 987 255 1041 plane
273 987 428 1037 silente,
460 988 691 1040 tempestate
725 987 886 1040 strena,
922 987 1014 1028 luce
1047 987 1195 1027 borcali
1231 985 1402 1038 insigni,

138 1051 369 1092 barometro
406 1058 478 1092 28.
500 1065 574 1101 44.
613 1053 865 1092 monstrante.
934 1052 1016 1092 Die
1038 1051 1279 1096 antecedenti
1302 1063 1404 1092 ven-

141 1124 206 1155 tus
241 1127 402 1168 quoque
435 1124 521 1154 erat
557 1126 631 1153 CO.
667 1117 727 1152 vti
761 1126 920 1167 quoque
955 1115 1144 1168 sequenti.
1237 1115 1401 1169 Vesperi

144 1185 214 1220 28.
240 1189 312 1227 53.
349 1178 426 1218 diei
462 1177 701 1218 antecedenti
736 1187 776 1217 et
810 1177 987 1231 sequenti
1025 1179 1179 1232 vesperi
1233 1185 1302 1220 28.
1329 1188 1402 1227 35.

140 1252 226 1283 erat
256 1242 430 1282 altitudo
461 1242 737 1283 batometrica.
780 1241 878 1282 Dies
910 1242 1139 1282 antecedens
1171 1251 1210 1281 et
1242 1243 1403 1296 sequens

139 1307 218 1348 fuit
249 1304 425 1346 nubilus.

287 1394 500 1440 Maximus
548 1394 657 1438 calor
709 1404 812 1443 105‘.
850 1394 960 1438 Iunii
1002 1410 1072 1447 23.
1109 1398 1151 1439 11.
1193 1415 1230 1441 2.
1265 1415 1305 1456 p.
1340 1413 1399 1441 m.

137 1462 297 1513 accidit,
330 1471 454 1501 vento
487 1459 548 1500 52
586 1462 838 1500 antecedente
872 1473 929 1500 00
965 1471 1003 1500 et
1023 1464 1203 1515 sequente
1230 1465 1404 1519 SgO2.v

140 1526 255 1568 coelo
283 1537 305 1564 e
339 1524 564 1577 longinquo
597 1534 758 1564 tonante
783 1554 794 1573 ‚
843 1535 931 1564 ante
967 1527 1180 1566 meridiem
1232 1529 1368 1569 sereno
1388 1561 1401 1581 ,

139 1591 370 1632 barometro
408 1597 476 1636 27.
499 1594 555 1636 98
589 1598 700 1627 antea
736 1598 806 1638 27.
833 1599 910 1640 95,
944 1591 1070 1642 postea
1106 1597 1171 1632 28.
1197 1603 1272 1632 02.
1308 1595 1398 1633 An-

140 1656 323 1697 tecedens
356 1649 465 1692 calor
503 1663 588 1691 122
625 1663 664 1692 et
700 1650 860 1707 sequens
900 1666 1002 1693 120.
1311 1680 1313 1682 >

278 1742 544 1788 consideratis
577 1742 718 1786 caloris
756 1744 1046 1787 var·ationibus
1097 1747 1220 1789 huius
1272 1754 1362 1792 anni
1388 1783 1400 1803 ,

140 1810 479 1864 progrediendum
530 1809 639 1851 nobis
687 1811 740 1851 est
789 1813 836 1852 ad
886 1822 1064 1852 meteora
1111 1817 1397 1870 proponenda,

139 1887 241 1928 quae
274 1873 439 1926 singulis
472 1876 564 1915 anni
599 1874 796 1915 mensibus
829 1876 942 1916 nobis
976 1878 1066 1917 sunt
1100 1884 1297 1921 adnotata.

288 1968 436 2013 Mensis
487 1970 708 2012 Ianuarius,
779 1973 841 2012 Ad
897 1984 1034 2015 ventos
1081 1974 1398 2028 quod-attinet,

141 2033 465 2077 vehementiores
513 2038 622 2078 fuere
676 2036 753 2078 hoc
792 2039 924 2077 mense
955 2039 990 2079 d.
1036 2051 1107 2089 13.
1144 2038 1237 2088 W3
1275 2050 1314 2079 et
1351 2052 1394 2089 4.

795 2102 835 2143 Y
858 2115 884 2154 y
927 2114 950 2152 3
1264 2104 1298 2143 d.
1326 2115 1393 2153 15.
