1856 2653
291 188 376 231 DE
415 181 889 230 CONGELATIONE
931 185 1236 232 MERCVRII.
1305 202 1390 244 315

141 304 350 357 impetum
384 303 480 344 vidi.
562 301 688 342 Habet
722 301 850 353 igitur
884 301 1113 342 Mercurius
1147 303 1264 342 suum
1299 316 1396 345 con-

141 368 347 415 tractionis
400 365 656 417 terminum,
709 365 815 407 vltra
867 379 991 420 quem
1026 367 1092 407 sua
1126 368 1398 408 couti-afflone

137 433 264 484 frigus
301 431 469 474 indicare
502 429 679 484 amplius
714 444 793 471 non
829 431 949 472 valet.
1051 433 1155 472 Hinc
1189 433 1366 486 sequitur
1389 463 1402 484 ,

139 494 170 537 fi
204 497 330 536 ctiam
366 496 561 537 Mercurii
595 496 792 536 descensus
827 508 951 550 Vsque
986 496 1032 536 ad
1088 496 1198 537 hunc
1253 496 1402 536 termi-

137 571 242 600 num
277 560 476 602 vltimum
509 559 749 612 regulariter
783 561 907 601 etiam
944 561 1188 602 descenderet
1211 594 1221 613 ,
1263 571 1400 601 tamen

136 614 216 676 pro
251 625 430 666 mensura
464 636 569 667 certa
603 626 761 678 frigoris
794 624 928 666 haberi
976 639 1055 666 non
1109 627 1213 681 posse
1234 657 1245 677 ‚
1295 637 1402 678 quo·

134 688 247 728 niam
282 689 310 729 si
346 690 471 743 frigus
506 691 634 731 maius
668 691 760 731 esset
781 722 792 742 ‚
844 690 1038 731 vlteriore
1069 692 1128 732 sui
1162 689 1400 731 contractio-

135 764 188 791 ne
222 752 396 795 indicare
437 755 540 797 illud
590 764 723 795 tamen
776 768 856 795 non
908 754 1063 809 posset,
1115 755 1306 808 quamuis
1360 761 1402 793 et

134 814 284 856 firmus
321 819 552 860 Mercurius
586 820 620 858 se
657 819 893 859 contrahere
934 818 1062 858 adhuc
1085 849 1096 869 ,
1148 829 1196 860 vt
1246 818 1402 871 reliqua

133 880 331 933 metalla,
365 894 494 936 queat.
564 882 722 922 Habent
752 882 834 922 fine
867 881 990 923 dubio
1031 892 1072 924 et
1114 883 1268 936 reliqua
1303 882 1404 922 flui-

130 943 182 984 da
217 944 303 985 suos
337 958 407 999 per
442 947 568 999 frigus
602 947 886 988 commestionis
918 947 1114 987 terminos
1149 958 1321 988 maiores
1362 952 1404 986 et

133 1006 310 1049 minores
342 1040 354 1060 ‚
418 1012 487 1052 vbi
549 1011 736 1052 defluunt
796 1011 942 1064 gradus
1001 1011 1187 1062 frigoris-
1213 1012 1402 1052 indicare.

133 1070 243 1112 Hinc
275 1071 349 1112 effe
383 1075 546 1116 videtur
567 1104 579 1123 ‚
629 1076 736 1127 quod
770 1077 814 1115 in
846 1076 1031 1125 gradibus
1064 1076 1226 1126 frigoris
1268 1076 1402 1115 maio-

132 1134 243 1174 ribus
277 1135 597 1176 Thermometra
631 1135 798 1178 diuersis
831 1137 967 1178 fluidis
1002 1136 1153 1190 repleta
1188 1151 1268 1178 non
1311 1150 1403 1178 am-

133 1189 244 1252 plius
291 1201 532 1241 concordent
554 1230 565 1249 ‚
619 1202 808 1253 quamuis
861 1200 904 1240 in
958 1202 1184 1242 minoribus
1239 1202 1404 1253 frigoris

130 1263 317 1323 gradibus
354 1264 513 1316 optime
546 1263 892 1305 concordauerint.
956 1264 1039 1319 Qui
1072 1263 1119 1304 de
1155 1265 1302 1316 frigore
1333 1265 1402 1304 ab-

129 1325 265 1367 soluto
316 1326 576 1379 loquuntur,
624 1335 695 1366 aut
741 1325 943 1367 eiusmodi
991 1326 1120 1379 frigus
1171 1327 1402 1378 intelligere

132 1389 300 1438 debent,
335 1391 442 1443 quod
478 1390 742 1439 instrumenta
778 1390 952 1433 indicare
987 1389 1164 1444 amplius
1195 1400 1402 1447 nequeunt

134 1449 305 1508 propter
339 1455 535 1494 terminos
565 1453 870 1504 couti-aetionis,
900 1453 983 1493 siue
1016 1454 1093 1493 sint
1120 1454 1402 1498 Thermome-

137 1526 199 1557 tra
232 1516 365 1556 fluidis
397 1515 549 1568 repleta
586 1515 668 1556 slue
703 1516 780 1556 fint
813 1515 961 1556 solida:
996 1528 1085 1556 unt
1115 1517 1244 1570 frigus
1278 1519 1402 1561 intel-

136 1579 265 1632 ligere
315 1580 454 1620 debent
475 1611 486 1630 ‚
537 1579 606 1620 vbi
658 1580 793 1620 omnis
842 1580 885 1620 in
935 1592 1105 1634 corpore
1145 1583 1255 1624 calor
1285 1584 1400 1628 abest.

139 1644 358 1686 Etusmodi
392 1644 474 1685 dari
504 1645 630 1696 frigus
662 1644 705 1685 in
737 1643 828 1685 vllo
859 1658 1027 1699 corpore
1070 1647 1226 1700 prob.³.ri
1282 1659 1402 1702 pote-

136 1709 195 1749 rIt
227 1720 435 1758 nunquam
459 1740 470 1760 ,
519 1721 645 1764 neque
679 1709 719 1749 in
754 1708 831 1751 hoc
867 1711 1023 1751 mundo
1052 1711 1255 1754 eiusmodi
1305 1726 1399 1753 cor-

139 1785 217 1827 pus
250 1773 413 1813 existcre
448 1772 552 1826 poffe
586 1774 760 1815 videtur.
844 1775 960 1826 Ergo
993 1775 1192 1818 eiusmodi
1233 1777 1399 1828 frigoris

138 1830 211 1890 per
245 1840 280 1877 se
314 1836 479 1878 abIoluti
514 1840 711 1880 terminus
746 1834 861 1881 statui
896 1839 1035 1880 nullus
1069 1843 1208 1894 potest.
1286 1841 1400 1884 Con·

139 1895 223 1945 cedi
259 1911 393 1942 tamen
431 1904 554 1956 potest
587 1904 714 1956 fr?gus
748 1905 950 1959 quoddam
985 1905 1211 1949 absolutum
1235 1938 1246 1959 ‚
1297 1919 1398 1960 qua⁴

142 1973 256 2014 tenus
286 1968 508 2026 contractio
542 1968 764 2013 fluidorum
800 1978 840 2010 et
871 1968 1096 2015 solidorum
1141 1974 1190 2017 ad
1237 1980 1398 2014 certum

595 2039 609 2044 ”
724 2035 803 2079 Rr
839 2048 864 2076 2
1312 2045 1396 2078 ter-
