1856 2653
290 172 931 229 METEOROLOGICARVM
964 174 1016 225 Α.
1055 185 1189 236 1763:
1288 190 1373 240 385

130 310 267 348 229.
298 311 364 340 12.
400 311 499 352 quae
530 298 658 350 igitur
692 298 739 338 ad
773 297 854 349 huc
887 297 942 336 est
969 296 1162 338 maxima.
1202 295 1378 340 Minima

129 361 207 403 hoc
250 375 352 403 anuo
390 364 442 402 cst
483 361 655 415 aequalis
696 365 767 402 26.
791 373 862 410 53.
899 360 1029 401 maior
1062 361 1189 413 igitur
1223 369 1263 400 et
1297 363 1379 402 rni-

129 427 241 468 nima
276 426 369 467 alias
403 425 468 467 hic
502 435 658 478 notata,
690 426 836 467 scilicet
873 429 943 466 26.
964 437 1040 473 41.

278 490 470 531 Altitudo
518 489 640 530 huius
691 493 783 546 anni
836 490 1017 532 maxima
1057 488 1111 529 cst
1145 486 1380 534 Decembris

135 567 153 594 1
168 565 204 594 ι.
226 553 265 594 h.
287 566 328 603 9.
348 567 380 594 a.
403 567 456 596 m.
478 554 676 597 obseruata
695 553 764 595 sub
792 552 1100 596 circumstantiis
1122 552 1379 606 sequentibus.

278 632 522 673 Antecedens
572 632 795 672 obseruatio
845 630 1109 672 barometrica
1145 635 1286 670 228.
1313 636 1382 678 85.

127 702 168 733 et
210 694 369 748 sequens
422 702 491 738 28.
512 709 564 746 91
591 728 601 747 ‚
652 706 776 738 vento
827 696 935 744 023.
1004 696 1150 747 Frigus
1202 705 1252 729 τῖ-
1280 703 1379 744 179.

129 757 242 801 coelo
293 760 427 801 sereno
479 761 684 815 vaporoso.
749 761 847 802 Dies
891 759 1046 812 aliquot
1080 759 1352 800 antecedentes
1373 790 1385 810 ,

127 830 167 861 et
200 821 400 876 sequentes
421 856 432 876 ‚
467 826 526 864 vti
560 828 639 864 fere
671 823 767 864 solet
787 853 800 874 ‚
829 831 941 861 erant
974 821 1111 866 sereni,

277 900 454 942 Minima
488 900 610 941 huius
628 901 721 941 anni
741 899 916 940 alt'tudo
933 900 1194 940 barometrica
1219 898 1285 940 26.
1309 911 1381 951 53.

127 963 298 1015 contigit
330 963 366 1003 d.
403 976 474 1004 20.
508 965 551 1006 h.
584 969 626 1004 6.
659 978 698 1018 p.
739 977 795 1006 m.
829 974 869 1005 et
903 964 1222 1008 circumstantiae
1253 966 1386 1017 erant,

126 1039 225 1080 quae
274 1028 507 1080 sequuntur.
573 1028 811 1070 Obseruatio
862 1029 1125 1069 barometrica
1159 1031 1390 1071 antecedens

126 1094 266 1128 :26.
294 1100 364 1137 55.
401 1100 440 1130 et
473 1092 634 1142 sequens
673 1095 743 1128 26.
765 1095 838 1130 68.
875 1092 1022 1140 Frigus
1056 1101 1236 1143 2:157,
1271 1103 1386 1133 ante·

126 1153 265 1194 cedens
304 1158 406 1201 158.
441 1163 481 1193 et
511 1154 670 1207 sequens
711 1156 814 1200 163.
883 1152 1060 1194 Coelum
1107 1155 1295 1196 nubilum
1346 1165 1387 1198 et

126 1216 314 1257 niuosum
336 1246 348 1267 ‚
382 1216 499 1269 quale
530 1228 714 1270 quoque,
744 1225 791 1256 vt
825 1217 903 1256 fere
921 1216 1042 1269 solet,
1076 1217 1212 1259 diebus
1231 1219 1387 1273 aliquot

128 1280 443 1321 antecedentibus
477 1281 554 1322 fuit
588 1290 628 1320 et
661 1281 986 1333 consequentibus
1007 1312 1018 1330 ‚
1059 1290 1187 1324 vento
1218 1281 1411 1329 NW1..

126 1352 269 1385 ventus
303 1342 534 1385 antecedens
567 1345 661 1384 01·
681 1351 722 1381 et
751 1343 911 1395 sequens
947 1342 1063 1383 NW
1078 1353 1116 1383 2.

275 1422 513 1464 Differentia
548 1423 678 1471 igitur
721 1419 845 1459 huius
894 1423 985 1460 anni
1039 1426 1254 1478 maxima,
1306 1428 1389 1468 flue

124 1489 302 1542 spatium
359 1485 632 1525 variationum
679 1483 1041 1524 barometricarum
1074 1487 1152 1528 fuit
1184 1502 1290 1530 za.
1314 1504 1387 1540 39.

129 1551 367 1593 Maximum
421 1548 502 1588 huc
551 1558 676 1602 vsque
727 1546 806 1587 fuit
842 1557 978 1597 2.71.
1022 1550 1128 1604 quod
1162 1552 1292 1605 igitur
1323 1556 1389 1596 in-

129 1614 332 1656 variatum
368 1622 511 1653 manet.
1124 1634 1128 1639 .

278 1698 533 1741 Differentiae
575 1697 839 1740 altitudinum
876 1699 1239 1743 barometricarum
1274 1717 1391 1747 men-

133 1765 260 1805 ssruae
292 1774 332 1805 et
367 1762 440 1806 hoc
480 1775 583 1803 anno
631 1765 933 1816 demonstrant3
984 1756 1224 1807 variationes
1274 1771 1390 1810 baro-

133 1829 322 1869 metricas
357 1828 499 1881 primis
537 1836 576 1867 et
628 1826 788 1869 vltimis
841 1829 932 1870 anni
983 1829 1213 1882 menfibus,
1265 1845 1389 1886 quam

132 1894 278 1934 mediis
300 1924 310 1942 ‚
364 1891 437 1932 eise
487 1891 689 1942 maiores,
741 1904 989 1947 quamquam
1033 1894 1212 1948 respectu
1249 1896 1392 1941 men-fis

133 1956 237 1998 Maii
272 1968 311 1996 et
345 1955 586 2011 Septembris
623 1957 896 2009 irregularitas
927 1959 1121 2019 'quaedam
1154 1972 1277 2015 parua
1324 1971 1396 2008 oc-

133 2032 295 2062 currerc
328 2020 501 2060 videtur.

200 2082 714 2149 Tom-X1.Nou.C0mm.
905 2074 959 2130 ⁴C
974 2100 995 2128 c
1008 2099 1030 2128 c
1249 2086 1396 2130 Hacte-
