1856 2653
464 194 558 234 με)
757 175 1425 226 INSECTORVM

467 307 569 348 gus;
632 293 796 344 dentes,
850 293 891 332 in
942 292 1083 344 capfftis
1127 303 1253 332 cornu
1305 289 1515 331 medietate
1558 287 1710 342 positi,

468 370 574 400 tres:
631 359 779 413 postico
811 356 1001 397 latiffimo
1024 385 1035 404 ‚
1086 363 1126 394 et
1158 366 1180 394 e
1212 353 1364 396 duobus
1400 350 1509 405 quasi
1539 351 1715 403 coalito;

467 423 729 463 arctioribus
762 422 913 462 duobus
947 419 1158 474 paruulis,
1195 422 1236 466 εξ
1271 417 1343 458 lin.
1374 418 1477 457 inter
1510 415 1547 455 se
1576 414 1716 456 distan-

470 486 587 526 tibus.

615 546 810 589 Secundus
842 546 982 600 primo
1028 543 1166 598 paullo
1216 546 1381 594 minor3
1427 542 1559 583 dentes
1607 549 1714 582 tres:

467 611 550 652 duo
586 612 755 651 maiores
778 642 789 662 ‚
823 610 958 651 solitae
991 610 1302 660 magnitudinis,
1334 617 1374 648 et
1407 605 1600 661 proxime
1629 612 1722 645 ante

471 674 545 716 hos
579 678 720 715 tertius
742 705 754 725 ‚
788 674 998 714 minimus.

619 749 776 790 Tertius
797 781 810 802 ,
839 749 1008 791 secundo
1038 748 1314 800 magnitudine
1347 743 1554 800 aequalis3
1587 743 1721 785 dentes

470 812 580 854 duo:
621 813 791 866 posticas
826 814 959 852 minor
980 843 991 862 ‚
1044 813 1174 851 maior
1208 811 1373 851 anticus.

612 882 789 944 ⁴Quartus
825 892 846 931 5
886 881 983 936 poll.
1025 895 1055 931 4
1094 883 1166 922 lin.
1212 880 1387 932 longus3
1434 880 1568 920 dentes
1607 879 1723 929 duo,

471 945 543 987 fibi
577 945 665 986 satis
698 946 819 988 vicini
839 978 851 998 ‚
884 946 1037 987 mediae
1073 944 1385 996 magnitudinis:
1422 943 1616 998 posterior
1649 954 1725 982 an-

473 1010 620 1050 teriore
652 1009 794 1063 paullo
828 1010 972 1050 maior.

613 1083 783 1145 Qintus
822 1092 843 1130 5
884 1082 982 1137 poll.
1021 1094 1039 1119 1
1078 1081 1150 1120 lin.
1187 1079 1363 1132 longus;
1413 1065 1567 1122 Dentes
1609 1079 1726 1134 duo,

472 1145 651 1199 aequales
673 1178 685 1198 ‚
736 1145 872 1187 solitae
925 1143 1212 1197 magnitudinis
1242 1153 1282 1184 ct
1315 1145 1518 1185 distantiae
1551 1143 1657 1184 inter
1685 1145 1724 1185 se

472 1221 663 1250 lnulcem.

621 1279 771 1321 Sextus
803 1295 833 1330 4
867 1279 964 1333 poil.
1002 1291 1025 1327 3
1063 1279 1136 1319 lin.
1187 1280 1365 1330 longus;
1413 1278 1563 1321 Dentes
1616 1290 1724 1322 tres:

474 1341 625 1382 duobus
657 1342 791 1383 solitae
826 1341 1144 1393 magnitudinis,
1176 1352 1216 1380 et
1268 1343 1387 1380 vnico
1437 1344 1627 1395 proxime
1675 1343 1723 1385 ad

475 1404 643 1446 istorum
678 1404 923 1445 anteriorem
945 1434 957 1454 ‚
991 1404 1176 1446 minimo.

621 1481 817 1535 Septimus
847 1489 888 1520 et
921 1479 1111 1520 omnium
1148 1478 1369 1529 minimus,
1399 1488 1542 1533 vtpote
1577 1495 1602 1522 2
1623 1480 1729 1537 poll.-

478 1557 534 1587 10
565 1544 636 1585 lin.
672 1554 831 1584 tantum
866 1543 1010 1594 longus
1030 1573 1042 1593 ‚
1095 1551 1177 1582 tam
1215 1542 1256 1581 in
1290 1542 1467 1596 respectu
1501 1545 1549 1584 ad
1582 1545 1722 1588 thora·

476 1609 530 1651 cis
551 1641 562 1660 ‚
593 1620 715 1661 quam
748 1607 887 1660 capitis
919 1618 1043 1646 cornu
1076 1618 1098 1645 a
1130 1606 1292 1645 caeteris
1323 1607 1510 1647 omnibus
1543 1621 1621 1650 non
1651 1621 1723 1663 pa·

476 1685 569 1713 rum
602 1671 782 1712 abludit:
813 1672 949 1711 dentes
981 1669 1203 1710 enimbini
1224 1698 1235 1718 ‚
1268 1671 1338 1723 qui
1369 1670 1464 1711 alias
1495 1671 1598 1713 circa
1630 1684 1724 1714 cor-

478 1744 533 1777 nu
568 1735 742 1776 thoracis
776 1735 1030 1775 medietatem
1064 1732 1181 1774 suum
1214 1742 1343 1773 tenere
1374 1733 1514 1776 locum
1565 1735 1724 1788 solent,

477 1802 563 1840 eius
596 1801 794 1852 principio
827 1799 888 1839 seu
923 1797 1113 1837 anteriori
1164 1795 1338 1838 thoracis
1386 1798 1490 1851 parti
1541 1801 1724 1853 proximi

477 1874 518 1902 et
567 1864 732 1902 minimi
784 1863 886 1902 sunt.
984 1860 1176 1902 Ceterum
1223 1859 1328 1901 idem
1374 1875 1533 1913 cornu,
1582 1872 1630 1904 vt
1680 1863 1723 1904 in

478 1927 666 1968 omnibus
686 1957 697 1977 ‚
731 1926 864 1966 subtus
896 1924 1100 1965 barbatum
1121 1955 1135 1976 ‚
1174 1923 1295 1976 inque
1329 1935 1515 1967 extremo
1545 1928 1725 1978 emargi-

477 1999 618 2031 natum
647 1991 724 2043 est,
756 1990 834 2032 hoc
865 1998 997 2030 tamen
1029 2000 1125 2029 cum
1157 1986 1406 2042 discrimine,
1439 1999 1486 2031 vt
1518 1991 1591 2044 pili
1627 2002 1724 2030 nus-

1598 2065 1722 2107 quam
