1856 2653
495 211 584 257 360
678 205 1553 252 OBSERVATIONVM

641 323 740 366 Dies
774 323 897 365 sereni
934 326 1039 364 fuere
1076 322 1261 378 plerique
1284 356 1296 377 ‚
1328 324 1501 378 exceptis
1536 326 1577 362 6.
1617 319 1754 363 nomi-

486 388 620 426 natim
656 391 693 430 d.
735 402 804 428 10.
848 401 918 437 13.
961 401 1018 438 14
1075 398 1144 437 15.
1186 401 1254 435 23.
1289 400 1356 436 30.
1393 390 1463 443 qui
1491 389 1655 429 fuerunt
1674 399 1754 426 nu-

487 449 591 502 bili,
627 452 693 492 vel
727 464 874 507 parum
906 450 1045 506 pluuii
1074 484 1086 506 ,
1117 454 1229 495 coelo
1261 463 1434 496 tonante.

634 535 837 576 Tonitrua
886 531 965 574 hoc
1022 537 1153 579 mense
1193 546 1416 578 euenerunt
1454 543 1494 583 5.
1561 535 1752 577 Primum

486 598 676 640 omnium
713 600 751 640 d.
793 615 834 640 2.
867 597 909 638 h.
947 613 990 649 4.
1026 613 1066 654 p.
1104 615 1161 642 m.
1198 597 1289 643 ΕΜ
1324 602 1362 643 d.
1405 614 1479 651 12,
1512 601 1618 653 quod
1654 613 1752 655 pro-

486 674 535 716 pe
570 663 721 703 acceffit
760 659 858 712 3¹¹¹⁴⁷⁸
891 663 927 703 d.
966 676 1037 713 14.
1074 663 1161 715 4¹¹⁸m
1201 667 1239 707 d.
1275 680 1347 706 22.
1402 668 1538 706 tonuit
1588 672 1751 705 tantum

483 738 505 765 e
537 725 790 788 longinquo,
829 728 1003 786 denique
1038 725 1125 783 5¹²‘m
1165 733 1203 776 d.
1242 742 1315 784 30.
1351 734 1458 787 quod
1492 740 1652 786 quoque
1669 741 1749 771 non

483 802 611 846 prope
646 792 815 838 acceffig.

634 873 693 920 D.
731 885 804 926 24„
841 869 996 924 vesperi
1029 874 1147 916 valde
1181 874 1419 926 fulgurauit.

630 957 823 1003 Altitudo
856 971 979 1013 aquae
1010 956 1176 1016 pluuiae
1204 959 1430 1004 admodum
1448 957 1596 1010 exigua
1614 957 1746 1004 trium

481 1031 643 1065 tantum
678 1021 896 1068 linearum,
1732 1026 1735 1027 ’

630 1098 776 1140 Iulius.
844 1101 901 1140 Et
935 1098 1013 1139 hoc
1047 1098 1180 1142 mense
1210 1100 1323 1138 venti
1356 1098 1436 1142 fere
1470 1108 1614 1141 omnes
1654 1099 1745 1143 fue-

471 1176 514 1204 re
570 1163 677 1203 lenes
700 1193 710 1212 ‚
762 1170 932 1217 excepto
974 1162 1013 1201 d.
1057 1173 1098 1210 9.
1137 1174 1219 1215 quo
1256 1161 1354 1210 W3
1392 1170 1432 1201 et
1466 1176 1506 1209 4.
1543 1170 1656 1202 ortus
1690 1164 1744 1209 est

471 1229 541 1281 qui
575 1233 653 1268 fere
688 1238 757 1279 per
791 1236 926 1267 totum
961 1227 1069 1267 diem
1104 1226 1330 1279 sequentem
1362 1227 1540 1267 durauit.
1607 1226 1729 1269 Cete-

471 1304 569 1331 rum
601 1299 746 1330 ventus
782 1302 833 1330 ex
869 1288 986 1346 plaga
1020 1289 1207 1331 orientali
1244 1290 1498 1344 potiffimum
1535 1290 1724 1343 spirauit.

628 1369 728 1411 Dies
758 1371 884 1411 sereni
925 1380 995 1418 13.
1032 1371 1279 1411 nominatim
1317 1385 1357 1411 2.
1396 1383 1439 1420 3.
1473 1385 1516 1421 4.
1557 1384 1627 1422 13.
1665 1387 1738 1428 14.

478 1448 548 1486 19.
584 1448 653 1474 22.
693 1446 767 1486 23.
808 1446 881 1482 24.
916 1443 991 1483 27.
1027 1438 1100 1475 28-
1138 1445 1213 1486 29.
1251 1447 1325 1486 31.

621 1525 891 1578 Tempestates
941 1522 1158 1568 fulmineae
1211 1534 1250 1565 et
1302 1524 1381 1566 hoc
1439 1528 1572 1568 mense
1599 1558 1611 1579 ,
1675 1530 1737 1571 vti

472 1590 721 1646 praecedenti
763 1590 873 1630 fuere
922 1598 960 1637 5.
993 1589 1032 1630 d.
1072 1601 1109 1628 1.
1147 1602 1189 1638 4.
1231 1600 1270 1639 5.
1304 1594 1346 1631 6.
1383 1602 1427 1639 9.
1478 1591 1589 1643 llla,
1635 1604 1736 1646 quae

472 1658 508 1697 d.
546 1668 588 1704 4.
622 1655 784 1703 euenit,
843 1652 952 1694 feriit
987 1652 1193 1705 templum
1248 1654 1306 1696 St.
1358 1654 1575 1706 Andreae,
1625 1656 1734 1709 quod

472 1720 723 1761 combustum
757 1718 821 1758 est.
911 1716 1054 1758 Pluuia
1085 1719 1228 1758 cecidit
1259 1720 1295 1760 d.
1336 1732 1373 1760 1.
1407 1720 1523 1761 cuius
1557 1718 1733 1764 alt-itudo

471 1793 567 1830 :5
607 1782 679 1822 lin.
711 1783 747 1822 d.
785 1785 828 1820 6.
862 1796 960 1833 :3
999 1782 1072 1823 lin.
1106 1782 1142 1822 d.
1178 1792 1220 1832 7.
1260 1795 1298 1832 3.
1332 1783 1403 1824 lin.
1438 1784 1476 1826 d.
1515 1795 1583 1824 10.
1624 1791 1647 1826 8
1700 1785 1732 1826 1.

470 1848 507 1887 d.
548 1860 616 1885 11.
651 1859 748 1895 :3
789 1846 862 1886 lin.
898 1847 934 1887 d.
978 1851 1045 1886 16.
1081 1850 1200 1896 :43
1233 1846 1304 1887 lin.
1340 1849 1377 1888 d.
1420 1848 1726 1897 17.:::2}lin.

470 1911 584 1962 Ergo
617 1919 700 1951 tota
734 1911 908 1953 altitudo
942 1911 1141 1953 menstrua
1173 1926 1228 1954 z
1252 1925 1307 1963 29
1343 1911 1416 1954 lin.
1441 1926 1465 1953 2
1485 1911 1583 1968 poll.
1605 1915 1725 1968 paris,

467 1983 508 2016 et
545 1983 586 2023 5.
621 1974 691 2016 lin.

1569 2105 1721 2159 Augu-
