1856 2653
481 181 567 226 398
640 169 960 217 OBSERVAT.
995 172 1330 219 METEOROL.
1367 174 1420 217 A.
1457 179 1588 226 1763.
1624 208 1626 210 -

615 287 788 330 Halones
837 289 941 327 circa
992 289 1130 331 lunam
1167 300 1206 338 3.
1242 290 1327 331 Ian.
1367 299 1437 338 ις.
1473 288 1587 331 Nov.
1621 293 1651 330 6
1684 298 1724 333 et

478 365 547 394 ιι.
598 352 728 395 Nulla
763 363 860 393 vero
893 351 970 393 hoc
1002 366 1106 396 anno
1137 358 1239 397 circa
1272 352 1397 395 solem
1431 353 1537 394 mihi
1591 355 1723 395 obser-

472 425 577 458 valta.

617 479 804 534 Denique
844 479 1095 522 Altitudines
1132 494 1254 536 aquae
1286 480 1481 522 Neuenfis
1511 480 1628 522 solito
1659 481 1721 522 al-

470 545 589 585 tiores
620 553 659 584 et
695 545 973 599 profundiores
1008 554 1163 586 notatae
1195 547 1285 586 sunt
1323 545 1533 599 sequentes,
1599 544 1721 587 Scili-

468 616 529 648 cet
563 609 660 649 Iulii
697 622 735 648 2.
778 622 796 647 1
839 609 1011 651 Arschin
1052 612 1085 659 {z
1135 610 1250 663 supra
1299 608 1556 649 altitudinem
1605 609 1718 649 ordi-

467 671 645 721 nariam,
670 673 733 712 seu
766 675 955 716 mediam.
1000 671 1240 713 Notandum
1275 672 1445 713 Arschin
1478 673 1541 713 seu
1576 671 1717 714 vlnam

465 735 649 778 rufficam
683 734 755 775 esse
788 749 842 775 z
865 744 920 779 28
959 734 1170 790 pollicibus
1202 735 1505 777 londinenfibus.

615 812 671 857 D.
708 821 749 865 5.
784 825 839 859 ,Ξ
861 825 879 851 1
920 812 1037 854 vinae
1074 813 1119 868 ἕξ.

610 890 787 942 Augusti
826 900 896 940 14.
931 903 985 932 :z
1008 904 1028 931 1
1065 891 1182 934 vlnae
1215 889 1306 932 ruff.
1342 895 1388 941 ἐξ.

608 966 716 1022 Sept.
753 977 825 1017 25.
852 971 925 1019 ¹5}-

609 1043 701 1085 Οᾶ.
742 1049 781 1084 8.
815 1057 857 1082 2.
893 1041 979 1084 vln.
1013 1041 1061 1092 ἐξ.

611 1117 730 1160 Nov.
767 1127 807 1166 5.
845 1119 919 1168 2³⁶⁷.-
952 1123 991 1160 d·
1032 1130 1102 1158 12.
1140 1121 1215 1166 εἷς.

610 1195 725 1247 Ergo
756 1207 828 1253 per
858 1194 940 1235 dies
974 1194 1124 1251 septem
1148 1227 1160 1247 ‚
1209 1207 1311 1255 aqua
1348 1192 1467 1237 altior
1491 1225 1503 1246 ,
1548 1202 1590 1236 et
1641 1207 1710 1249 per

452 1269 585 1299 vnum
633 1258 741 1299 diem
795 1259 1031 1312 profundior
1052 1290 1063 1310 ‚
1111 1257 1259 1301 scilicet
1310 1259 1412 1300 infra
1451 1258 1710 1305 altitudinem

453 1321 707 1364 ordinarium
744 1321 847 1363 Maii
886 1330 959 1372 25.
989 1324 1109 1372 Ξξξ.

1433 2054 1701 2110 ΡΗῩΞΙΟΑ.’
