1856 2653
281 189 600 235 OBSERVAT.
638 189 979 236 METEOROL.
1013 194 1066 235 A.
1106 200 1240 246 1763.
1311 204 1399 252 383

142 305 294 360 pedum
330 307 445 360 supra
481 304 644 347 Neuam
693 304 880 356 flumen,
931 315 973 346 et
1029 318 1140 347 mare
1190 308 1400 353 balticum.

140 370 240 412 Tria
274 377 363 412 lunt
397 380 578 423 tempora
599 401 611 422 ‚
643 382 742 424 quae
777 383 845 424 per
880 369 1056 423 singulas
1087 372 1171 412 dies
1203 374 1245 413 in
1276 376 1399 415 adno-

137 439 265 479 tandis
296 437 435 477 nostris
464 435 805 478 obseruationibus
839 434 1037 487 eleg‘mus
1062 466 1075 487 ‚
1108 449 1225 477 mane
1258 437 1400 492 paullo

133 510 223 539 ante
274 511 344 541 aut
395 498 459 540 sub
511 499 602 542 solis
650 509 792 542 ortum
821 529 833 550 ,
886 510 1086 555 quantum
1120 499 1208 541 fieri
1239 503 1401 555 potuit,

129 564 218 617 post
257 566 468 606 meridiem
498 567 601 608 circa
635 565 781 606 horam
814 567 974 606 tertiam
997 596 1012 616 ‚
1059 565 1100 605 e't
1130 567 1286 620 vesperi
1318 565 1399 607 ho-

129 637 175 668 ra
225 629 305 669 fere
364 631 587 672 vndecima.
660 631 826 671 Horum
885 639 1123 684 temporum
1191 629 1399 672 electionis

129 691 256 733 caussa
289 707 369 735 non
400 695 564 736 obscura
592 695 666 736 ess‘e
698 694 838 748 potest.'
934 694 1049 736 Nam
1082 705 1202 735 mane
1232 694 1300 735 sub
1333 696 1397 737 so-

127 753 179 796 lis
212 767 356 798 ortum
389 760 520 812 frigus
555 763 791 800 maximum
814 789 830 809 ,
873 758 943 798 vel
993 757 1106 797 calor
1161 757 1361 799 minimus
1382 790 1396 812 2

123 829 165 861 et
199 819 299 863 hora
328 824 492 865 circiter
523 827 642 864 tertia
675 822 954 875 pomeridiana
986 820 1112 863 Calor
1150 824 1358 864 maximus
1379 854 1396 877 ,

120 887 262 925 ceteris
295 888 489 939 paribus,
529 886 729 928 obseruari
763 884 927 936 solent,
973 886 1066 938 quis
1097 895 1234 927 autem
1270 888 1392 939 igno-

117 957 184 989 ret
215 949 338 990 huius
369 953 528 1003 generis
559 950 855 993 obseruationes
890 951 1104 1004 praecipue
1136 950 1303 1004 spectari
1345 961 1392 994 et

117 1014 340 1055 attentione
388 1015 529 1067 dignas
578 1015 753 1066 haberi,
799 1026 934 1068 quum
983 1014 1151 1055 maioris
1184 1017 1389 1058 momenti

118 1074 198 1117 fint
233 1089 324 1130 prae
353 1081 507 1119 ceteris.
603 1080 663 1118 Et
693 1079 945 1129 vespertinae
980 1079 1273 1120 obseruationes
1321 1081 1392 1123 sua

118 1139 298 1182 vtilitate
330 1154 409 1182 non
443 1142 714 1182 destituuntur
737 1171 750 1191 ‚
780 1149 868 1180 tam
896 1139 1218 1195 barometricae‚
1257 1155 1388 1197 quam

115 1205 334 1258 praecipue
385 1204 756 1247 thei-mometricae.
854 1203 1001 1260 Quum
1057 1207 1171 1246 enim
1228 1207 1381 1261 saepius

115 1268 266 1309 aestatis
301 1280 484 1323 tempore
514 1269 581 1311 hic
617 1267 856 1318 Petroburgi
887 1280 1006 1308 mane
1055 1268 1125 1311 sub
1174 1267 1269 1309 solis
1316 1283 1389 1312 or-

113 1339 208 1372 tum
239 1331 531 1372 obseruationes
565 1343 736 1386 propter
770 1340 916 1370 ortum
966 1330 1084 1372 illius
1131 1340 1345 1374 maturum
1369 1365 1387 1387 5

111 1395 265 1437 institui
301 1396 379 1436 vix
405 1409 451 1437 ac
484 1408 534 1436 ne
571 1395 646 1436 vix
676 1394 845 1447 quidem
880 1395 1387 1447 queant3‘obieruationes

111 1459 359 1513 vespertinae
418 1459 718 1499 matutinarum
768 1453 858 1497 loco
907 1455 988 1496 fine
1040 1470 1179 1499 errore
1210 1462 1383 1504 sensibili

110 1520 290 1564 adhiberi
326 1519 515 1576 potsunt,
544 1533 675 1576 quum
707 1521 790 1561 fere
820 1520 992 1561 eundem
1026 1520 1169 1563 caloris
1204 1525 1381 1576 gradum

110 1585 288 1628 indicare
317 1584 478 1626 soleant.
559 1584 833 1628 Indicabimus
866 1597 982 1625 more
1015 1587 1151 1627 nostro
1192 1589 1383 1631 obserua-

110 1649 241 1693 tiones
269 1651 547 1693 barometricas
581 1651 769 1705 primum
797 1661 896 1690 cum
945 1650 1177 1692 differentiis
1224 1653 1302 1693 suis
1335 1661 1381 1695 et>

109 1723 209 1757 eum
247 1714 530 1766 conststnsts,
577 1714 833 1770 potiffimum
885 1725 938 1755 ex
983 1727 1127 1757 earum
1178 1717 1284 1758 inter
1339 1718 1380 1759 se

106 1779 444 1836 comparatione,
488 1779 698 1832 dedusti5‚
744 1779 885 1820 deinde
933 1780 1226 1822 obseruationes
1256 1781 1375 1823 ther*-

105 1845 368 1886 mometricas
415 1844 561 1886 itidem
590 1856 691 1886 cum
722 1844 806 1885 suis
836 1843 1072 1885 differentiis
1100 1855 1144 1886 et
1173 1847 1377 1888 εοηΐεᾶπο

105 1909 214 1962 riis,
260 1909 435 1962 denique
465 1908 649 1951 Meteora
679 1909 839 1966 potiora
871 1907 1131 1962 fingulorum
1166 1911 1371 1952 mensium

104 1983 149 2015 et
180 1973 224 2016 in
253 1986 300 2015 ea
327 1973 669 2018 considerationes.
757 1973 825 2016 En
858 1973 1146 2016 obseruationes
1182 1976 1372 2016 barome·

106 2038 220 2081 tricas
239 2070 255 2094 ,
299 2050 402 2094 quae
442 2041 640 2083 maximas
670 2047 713 2081 et
743 2039 938 2083 minimas
968 2040 1190 2084 barometri
1221 2038 1369 2082 altitu·

1256 2105 1371 2147 dines
