1856 2653
351 169 1207 222 DESCRIPTIONES.
1307 194 1399 234 409

341 286 596 328 extremitate
630 284 871 327 bifurcatum
892 317 903 336 ‚
938 300 1059 340 quam
1094 287 1134 326 in
1169 290 1401 341 quibusdam

341 364 392 391 ex
425 349 753 404 praecedentibus.
849 350 1046 391 Thoracis
1079 364 1225 392 cornua
1258 367 1402 408 corpo-

340 418 396 454 ris
431 413 698 465 magnitudini
735 416 1070 467 proportionata,
1124 426 1234 469 parte
1278 421 1402 459 antica

343 477 490 518 leuiter
539 478 720 526 intorta,
772 479 1093 518 extremitatibus
1145 481 1221 519 suis
1255 494 1403 521 conue«

340 543 503 582 nientia.
570 541 738 580 Tuberis
773 540 864 581 loco
895 545 935 582 in
972 541 1132 582 thorace
1151 545 1400 586 denticulum

340 604 457 646 habet
485 602 683 658 bifidum,
722 607 763 649 1}
798 604 868 644 lin.
906 605 1102 658 longum,
1135 618 1174 647 et
1209 610 1400 649 erectum.

343 669 476 711 Huius
512 669 671 709 iconem
704 667 871 709 exhibui
906 671 1002 711 Tab.
1038 671 1116 710 XI.
1152 671 1222 722 fig.
1264 684 1304 710 2.

261 774 294 824 ι)
336 774 466 826 Long.
509 786 532 824 3
571 773 671 828 poll.
705 778 751 823 9}
785 773 856 814 lin.
907 775 1025 815 Proui
1060 773 1237 826 corporis
1270 772 1406 822 color,

341 839 572 892 praesertim
622 838 852 885 elytrorum
883 868 894 888 ‚
948 836 1151 889 puniceus.
1252 837 1406 889 Capitis

338 913 465 942 cornu
514 901 560 941 ab
610 899 865 940 extremitate
913 900 959 939 ad
1006 899 1232 951 marginem
1265 900 1403 940 oculor
1436 937 1511 972 Tb
1537 941 1582 973 XI

339 976 436 1005 rum
470 966 650 1028 a'nticum
690 977 707 1002 1
746 963 844 1016 poll.
869 977 891 1001 2
917 963 982 1002 lin.
1016 963 1213 1015 longum,
1248 964 1409 1011 rectius,
1434 951 1506 1034 Fi}
1533 965 1592 1033 3.·

338 1040 464 1080 quam
499 1029 540 1067 in
576 1029 776 1081 plerisque
812 1029 1040 1080 praecedent
1061 1040 1130 1066 um
1155 1060 1166 1079 ‚
1199 1037 1237 1067 et
1278 1039 1406 1079 angu-

344 1090 472 1138 stius,
523 1102 599 1142 pro
653 1101 833 1141 corporis
884 1092 1161 1140 magnitudine
1200 1091 1406 1142 longum,

342 1152 417 1193 basi
452 1151 720 1205 compressum
745 1183 755 1200 ‚
795 1153 842 1192 ad
875 1154 1117 1206 eandemque
1153 1152 1245 1207 pilis
1279 1167 1299 1193 e
1333 1166 1406 1193 ru-

342 1218 383 1258 fo
417 1217 585 1256 testaceis
618 1216 840 1264 vestitum;
889 1227 1066 1255 ceterum
1101 1230 1121 1256 a
1155 1217 1280 1258 baseos
1309 1219 1407 1260 den-

347 1287 386 1318 te
420 1278 596 1319 solitario
617 1310 627 1328 ‚
660 1280 730 1331 qui
766 1278 885 1318 solito
918 1280 1048 1318 maior
1072 1309 1083 1327 ‚
1120 1282 1323 1331 magisque
1342 1281 1406 1318 in-

341 1350 533 1379 curuatus
566 1351 606 1379 et
636 1339 863 1379 antrorsum
905 1340 1112 1392 porrectus
1146 1342 1222 1390 est,
1256 1343 1301 1381 ad
1334 1353 1406 1382 ex-

340 1412 522 1443 tremum
557 1415 713 1454 Vsque,
747 1402 903 1441 modice
935 1403 1105 1443 bifidum
1127 1434 1138 1454 ‚
1183 1404 1322 1445 sensim
1359 1403 1408 1445 fit

340 1466 554 1517 angustius.

403 1551 570 1593 Thorax
603 1553 730 1594 autice
761 1550 874 1592 valde
924 1564 1161 1603 connexus,
1210 1551 1305 1593 hinc
1357 1552 1406 1593 ad

343 1629 539 1658 cornuum
576 1613 677 1656 latus
714 1617 920 1655 internum
961 1617 1169 1671 impressus
1192 1647 1202 1666 ‚
1238 1617 1278 1656 in
1315 1629 1404 1656 me-

342 1682 410 1722 dio
442 1681 482 1720 in
517 1679 629 1720 tuber
662 1679 825 1731 assurgit
857 1680 1026 1721 notabile
1049 1713 1060 1730 ‚
1094 1679 1404 1734 planiusculum.

344 1745 505 1786 Cornua
555 1742 729 1784 thoracis
780 1743 940 1796 oblique
987 1747 1214 1784 extrorsum
1259 1754 1299 1783 et
1332 1756 1402 1783 an-

344 1810 519 1848 trorsum
541 1838 553 1858 ‚
604 1819 829 1861 parumque
859 1809 1042 1848 deorsum
1081 1807 1182 1847 flexa
1206 1837 1218 1856 ,
1266 1807 1369 1846 reeta
1391 1836 1403 1855 ‚

345 1875 384 1912 in
422 1884 543 1926 prona
577 1872 671 1912 facie
705 1873 751 1912 ad
785 1871 959 1912 radicem
995 1872 1152 1912 tumida
1185 1871 1316 1923 quasi,
1349 1879 1404 1920 et,

345 1935 518 1988 respectu
553 1939 599 1978 ad
632 1936 811 1989 corporis
865 1937 1184 1986 magnitudinem
1238 1934 1371 1975 habito
1391 1929 1408 1983 ‚'

345 1999 504 2040 minora
539 2000 688 2049 solito,
737 2000 1005 2054 acutioraque.
1084 1999 1251 2040 Thorax
1300 2009 1406 2051 quo-

223 2061 736 2107 Tom.X1.Nou.Comm.
942 2065 974 2105 F
997 2063 1049 2104 ff
1313 2071 1406 2115 que,
