1856 2653
688 208 701 266 )
737 222 762 250 0
798 207 810 265 <
847 211 959 261 εει-ευ
1310 230 1371 268 29-

272 323 368 366 Non
400 323 586 374 defuere,
621 329 689 378 qui
722 324 993 364 existimarent
1026 336 1171 376 azizim]
1209 328 1365 370 misci-ri

118 389 385 443 Hy.lr:1i·gy1·o
420 390 460 427 in
496 389 729 441 Recipicnte
758 389 856 428 dum
892 387 1114 428 ‹iestis-itin·
1137 421 1146 439 ,
1197 400 1236 429 ct
1272 391 1363 437 hinc

111 455 269 495 finiit-m
322 454 420 493 oriri
468 452 838 504 c‹)1gelati0;iem.›
903 453 958 491 Vt
1019 453 1234 502 igitur-ct
1288 458 1362 497 ime

115 518 284 559 dubium
316 527 618 567 remoucrctur,
659 516 722 558 Cl.
745 515 903 557 Aue'tor
941 516 1145 557 Mercurio
1166 517 1244 556 sine
1264 534 1364 573 aqu-„1

113 582 307 623 del'uliato
353 582 444 621 rsus
482 582 565 631 est,
613 582 683 634 qui
734 592 853 634 aeque
895 581 1048 631 gelatus
1089 593 1129 622 ct
1170 585 1367 634 regelatus

115 658 199 687 erat
221 677 232 695 ‚
283 657 324 686 ac
378 646 492 687 alius.
558 645 654 686 Non
689 655 790 699 opus
820 644 873 684 cst
905 647 947 685 in
980 657 1023 684 re
1062 646 1367 690 manifcstissiina

114 711 269 751 diutius
306 711 464 750 morari.

262 773 455 815 Centum
507 772 554 812 de
602 771 679 813 hoc
744 773 912 814 metallo
962 773 1109 825 multi,
1175 775 1364 828 inprimis

115 836 348 878 Alchemici
383 839 444 878 seu
479 836 747 878 Alchemistae
784 839 933 878 multas
966 837 1060 878 alias
1097 838 1230 878 fouisse
1271 842 1364 893 opi-

114 902 251 941 niones
285 913 463 942 erroneas
486 933 496 951 ,
528 902 695 942 constat:
747 914 779 941 e.
816 913 854 953 g.
889 902 996 955 quod
1030 902 1078 942 fit
1122 915 1160 942 v.
1195 915 1233 954 g.
1268 903 1364 944 baiis

112 963 378 1006 metallorum
397 966 652 1019 reliquorum
672 976 744 1006 etc.
810 968 867 1006 At
886 968 996 1006 enim
1018 979 1116 1006 vero
1136 966 1230 1006 haec
1248 980 1366 1008 com-

114 1039 248 1070 menta
298 1031 436 1071 omnia
465 1029 652 1072 delentur
673 1061 684 1080 ‚
717 1042 839 1084 quam
875 1032 1060 1083 primum
1096 1030 1365 1084 intelligitur,

116 1091 374 1134 Mercurium
413 1093 486 1133 effe
529 1092 743 1135 metallum
780 1095 899 1148 idque
935 1094 1171 1148 perfectum.

261 1158 581 1207 Hydrargyrum
631 1158 699 1196 sub
755 1159 995 1207 quibusdam
1056 1160 1363 1198 circumstantiis

112 1216 311 1268 congelari
345 1217 456 1257 solet.
522 1217 762 1264 Congelatio
793 1217 842 1254 fit
877 1228 976 1255 mox
1009 1217 1229 1269 completa,
1262 1233 1364 1262 mox

112 1279 357 1331 incompleta
408 1286 448 1316 et
500 1276 691 1329 partialis.
764 1275 807 1316 Si
858 1271 1065 1330 completa*
1092 1278 1172 1330 fit,
1222 1281 1365 1324 bulbus

47 1352 49 1355 ’
112 1341 398 1382 thermometri
435 1340 635 1381 ordinarie
669 1340 868 1392 frangitur
890 1370 901 1392 ,
949 1342 1056 1395 quod
1092 1345 1198 1384 secus
1230 1347 1365 1399 est,-fi

110 1405 335 1458 congelatio
368 1405 416 1445 fit
447 1416 499 1444 ex
531 1414 640 1457 parte
674 1417 800 1458 eoque
833 1405 1091 1460 incompleta.

258 1471 382 1511 Porro
416 1469 646 1510 Mercurius
682 1468 709 1508 fi
745 1469 946 1520 congelari
980 1471 1124 1524 incipit
1176 1473 1368 1527 primum*

109 1531 351 1584 regulariter
384 1533 431 1573 ad
464 1542 593 1574 certos
624 1533 816 1573 terminos
849 1533 1074 1585 descendit,
1124 1538 1214 1578 dein
1265 1552 1362 1579 cum

108 1596 210 1639 saltu
243 1607 284 1638 et
315 1606 433 1637 motu
467 1597 712 1652 praecipiti,
751 1597 874 1638 donec
908 1597 1092 1640 subsistat.
1189 1601 1243 1641 Hi
1279 1613 1362 1642 ter-

111 1661 217 1703 mini
251 1663 340 1702 sunt
374 1663 491 1713 vagi,
527 1663 651 1703 modo
681 1662 791 1701 enim
835 1663 1095 1715 profundius,
1130 1665 1252 1707 modo
1279 1667 1364 1707 mi-

108 1738 184 1766 nus
218 1726 412 1778 profunde
444 1723 683 1778 regulariter
701 1726 927 1767 descendere
949 1726 1069 1776 solet,
1106 1728 1216 1781 prius
1236 1742 1362 1784 quam

109 1790 230 1831 saltus
280 1790 434 1842 incipit.
515 1789 588 1830 'Est
636 1790 704 1829 hic
754 1799 892 1831 motus
941 1803 1125 1845 praeceps
1162 1790 1210 1833 ‘et
1242 1794 1363 1835 saltus

114 1851 323 1895 Mercurio
343 1885 355 1904 ,
388 1854 488 1894 dum
523 1852 682 1905 gelascit
704 1885 716 1905 ,
786 1855 977 1909 proprius
997 1886 1010 1905 ,
1059 1857 1100 1895 in
1132 1856 1249 1899 nullo
1280 1858 1363 1900 alio

110 1917 240 1959 fluido
272 1917 404 1958 simile
437 1916 762 1972 phaenomenum
795 1920 999 1961 obseruare
1029 1919 1150 1971 licet,
1181 1922 1283 1962 dum
1317 1923 1361 1963 in

113 1982 282 2034 glaciem
317 1982 396 2022 abit
418 2013 429 2033 ‚
462 1983 524 2023 seu
560 1981 806 2035 congelatur.
873 1984 1000 2025 Porro
1033 1985 1225 2032 tetminus
1259 1985 1361 2028 vlti-

115 2053 205 2088 nus
237 2046 285 2088 ad
314 2059 436 2102 quem
467 2047 510 2089 in
541 2046 825 2101 congelatione·
849 2048 1071 2090 descendere
1103 2049 1201 2092 solet
1246 2050 1361 2092 Mer-

688 2111 713 2153 d
747 2123 770 2161 3
1214 2115 1362 2170 curius,
