1856 2653
520 206 607 241 286
821 202 1494 270 siniviIRss-iixiino⁴

516 311 707 363 bulliens,
740 314 894 366 experti
930 314 1078 355 sumus.
1143 317 1260 373 Quod
1296 317 1324 357 fi
1361 316 1487 367 igitur
1512 314 1645 355 exacte
1669 326 1765 355 con-

517 377 650 427 staret,
685 378 751 417 snb
785 390 866 430 quo
899 380 1023 428 gradu
1057 381 1285 420 Mercurius
1320 380 1555 432 gemm-et,
1590 385 1765 431 adeoque

515 440 660 481 solidus
693 441 780 480 fieri
815 441 1036 494 inciperet3
1070 444 1157 484 sciri
1192 457 1351 498 qnoque
1386 442 1540 496 posset,
1587 441 1654 481 sub
1685 453 1768 494 quo

517 507 641 554 gradu
692 504 825 554 rursus
859 506 1038 555 fluidus,
1091 517 1130 546 et
1162 508 1268 560 quasi
1301 520 1351 546 ex
1387 517 1519 546 morte
1561 506 1767 544 rediuiuus

521 566 644 607 fieret.
727 569 838 610 Nam
887 569 949 610 vti
993 581 1093 623 aqna
1126 571 1193 610 snb
1222 572 1345 622 gradu
1384 581 1483 617 150.
1521 570 1560 607 in
1593 567 1767 620 glaciem

521 631 599 670 abit
622 661 633 681 ‚
673 630 723 671 fic
758 633 892 672 rursus
925 632 1129 684 regelascit
1159 635 1224 674 sub
1256 636 1396 675 eodem
1433 636 1510 673 fere
1543 633 1668 682 gradu
1701 644 1770 672 ca-

519 691 640 744 loris,
673 703 710 734 et
746 696 907 737 metalla
941 697 1076 736 rursus
1095 696 1212 737 solida
1233 696 1321 736 fieri
1339 698 1562 749 incipiunt,
1593 695 1661 734 sub
1677 706 1769 744 gra-

519 759 574 799 du
606 756 746 798 caloris
781 761 857 801 fere
891 761 1031 799 eodem
1055 789 1066 808 ‚
1120 773 1202 813 quo
1260 761 1371 800 fundi
1420 760 1631 811 incipiunt.
1713 759 1773 798 At

521 822 632 861 enim
666 834 765 862 vero
795 834 845 861 ex
875 822 1141 875 superioribus
1176 833 1284 875 patet
1319 823 1574 863 latitudinem
1612 820 1677 859 hic
1701 820 1774 860 effe

523 885 720 925 maiorem
746 916 757 936 ‚
802 897 925 938 quam
957 894 1004 925 vt
1034 886 1177 935 gradus
1212 885 1301 924 talis
1334 886 1592 926 determinari
1625 884 1772 937 possit,

521 957 602 987 non
637 950 833 989 maiorem
867 958 1001 988 tamen
1034 947 1234 999 calorem,
1268 961 1390 1000 quam
1426 953 1487 997 46
1496 959 1534 994 5.
1572 947 1773 998 graduum

523 1009 740 1050 secundum
782 1011 925 1052 scalam
977 1011 1182 1061 nostram,
1233 1011 1422 1064 requiri,
1474 1010 1595 1050 dubio
1643 1020 1774 1050 carere

522 1074 684 1115 videtur
706 1103 718 1123 ‚
766 1087 896 1126 quum
949 1086 1155 1126 nunquam
1190 1075 1257 1114 sub
1291 1074 1366 1114 hoc
1399 1074 1524 1124 gradu
1558 1074 1774 1124 vestigium

519 1135 810 1184 ‘congelationis
845 1136 1039 1188 Mercurii
1078 1136 1185 1173 mihi
1220 1138 1383 1186 quidem
1417 1135 1547 1186 detegi
1582 1136 1772 1187 potuerit.

522 1197 621 1239 Inde
656 1210 780 1250 porro
831 1197 925 1238 fluit
974 1197 1318 1238 condensationem
1341 1229 1352 1248 ,
1402 1196 1484 1237 slue
1535 1198 1774 1238 contractio-

524 1272 651 1311 nem,
702 1261 875 1314 adeoque
922 1261 1241 1301 diminutionem
1283 1261 1507 1301 voluminis
1542 1261 1776 1312 Mercurii,
1824 1280 1827 1287 ·

524 1320 597 1362 effe
628 1322 788 1375 quidem
823 1323 1027 1374 ingentem
1052 1353 1063 1373 ‚
1116 1323 1155 1363 id
1188 1329 1296 1375 quod
1329 1337 1381 1363 ex
1422 1325 1623 1375 profundo
1659 1325 1775 1365 Mer-

526 1385 631 1425 curii
664 1385 841 1425 descensu
877 1387 918 1425 in
953 1386 1275 1425 Thermometro
1309 1387 1350 1425 in
1395 1387 1669 1436 congelatione
1723 1387 1776 1427 il-
1810 1420 1813 1421 ν

526 1438 606 1490 liu's
643 1448 732 1488 satis
780 1449 972 1500 superque
1023 1446 1299 1498 intelligitur,
1349 1458 1494 1501 quanta
1542 1459 1676 1489 tamen
1725 1450 1776 1490 fit

527 1511 621 1553 haec
653 1510 878 1551 voluminis
913 1511 1113 1551 Mercurii
1161 1511 1415 1561 diminutio,
1463 1512 1599 1551 exacte
1647 1512 1778 1552 deter-

528 1575 673 1616 minari
708 1576 869 1627 nequit,
901 1574 952 1614 ob
985 1573 1239 1614 latitudinem
1275 1573 1422 1613 dietam
1445 1603 1457 1624 ‚
1489 1583 1530 1614 et
1562 1573 1654 1614 hinc
1673 1565 1791 1628 quo-⁴

523 1650 608 1693 que
637 1638 813 1690 grauitas
833 1668 846 1687 ‚
879 1638 943 1678 seu
979 1638 1133 1691 pondus
1163 1637 1248 1676 eius
1270 1637 1512 1690 specificum
1535 1667 1547 1688 ,
1598 1638 1778 1680 adcurate

528 1701 788 1743 determinari
823 1714 902 1741 non
933 1702 1070 1755 potest.

665 1765 807 1820 Quum
841 1777 923 1817 quo
958 1765 1089 1805 maior
1121 1763 1346 1804 voluminis
1401 1764 1603 1806 Mercurii
1651 1765 1777 1806 dimi-

529 1828 649 1869 nutio
696 1828 776 1880 fit,
826 1840 876 1868 eo
924 1829 1055 1868 maius
1104 1828 1257 1880 pondus
1306 1828 1389 1866 eius
1441 1826 1777 1881 specificum-fiat

530 1900 741 1944 oporteat:
791 1901 930 1944 patet,
982 1891 1147 1945 propius
1202 1891 1398 1932 Mercurii
1437 1892 1590 1944 pondus
1621 1891 1776 1944 specifi-

530 1967 625 1998 cum
661 1955 703 1995 in
733 1954 817 1994 eius
851 1954 1126 2006 congelatione
1178 1955 1493 2008 adpropinquare
1541 1955 1678 1995 debere
1713 1954 1777 2006 ,ad

530 2031 700 2071 aurum,
733 2030 864 2073 quum
897 2019 980 2059 iam
1013 2020 1056 2060 in
1090 2019 1190 2060 statu
1225 2017 1431 2060 fluiditatis
1464 2019 1652 2060 omnium
1688 2029 1777 2057 me-

1452 2080 1453 2083 ’
1658 2077 1778 2122 tello·
1799 2078 1804 2096 ⁸
