1856 2653
472 196 530 241 56
534 203 561 233 0
661 185 1144 235 OBSERVATIONES
1199 186 1528 236 COELESTES

470 316 566 344 rum
599 303 673 344 vix
709 313 748 352 5.
782 304 851 346 sec.
887 305 1082 359 temporis
1116 314 1375 347 momentum
1394 314 1582 347 notatum
1606 319 1720 361 prae-

472 366 612 409 ceffiffe
633 398 644 419 ‚
693 369 748 408 ita
768 398 781 419 ‚
810 378 856 409 vt
889 381 910 409 a
944 370 1113 409 veritate
1146 384 1290 423 parum
1326 369 1389 409 vel
1423 370 1529 410 nihil
1562 372 1719 412 aberra-

472 445 516 474 re
566 433 724 472 credam
750 462 762 482 ‚
812 431 842 472 fi
895 433 1050 474 Initium
1082 433 1235 489 Eclipfis
1269 428 1555 483 4s'.29'.10'‘.
1593 445 1720 489 temp.

473 497 563 536 veri
598 495 747 536 fac‘tum
777 494 853 535 effe
886 510 1047 550 ponam.
1148 499 1361 539 Mnutum
1394 500 1581 552 primum
1615 509 1722 540 tem-

473 562 583 616 poris
615 560 698 612 post
727 590 738 608 ,
764 577 770 585 ,
792 559 966 614 Eclipsis
1000 562 1294 602 incrementum
1332 564 1412 602 iam
1447 561 1620 604 sensibile
1654 574 1721 602 ce-

474 633 615 680 perat3
649 632 742 663 tunc
775 633 912 664 autem
949 625 1068 665 nubes
1102 626 1232 678 spissae
1264 636 1305 665 et
1336 627 1548 666 continuae
1580 625 1721 668 Solem

473 686 721 729 occultabant
746 718 757 738 ,
815 698 855 728 et
905 689 1142 729 vlteriorem
1191 690 1509 730 obseruationem
1563 692 1723 743 prorsus

474 751 754 805 impediebant.
855 751 1120 805 Comparatio
1168 754 1365 807 temporis
1398 754 1635 805 horologii,
1680 755 1723 794 in

472 816 743 856 obseruatione
791 815 992 866 adhibiti,
1039 830 1134 856 cum
1189 828 1370 870 tempore
1408 831 1508 858 vero
1545 818 1726 859 innotuit

472 890 523 917 ex
570 877 849 918 altitudinibus
896 878 999 918 Solis
1033 880 1352 932 respondentibus
1382 882 1419 922 d.
1459 892 1529 931 17.
1566 881 1725 934 August

474 940 588 982 coelo
622 943 756 980 sereno
787 941 910 993 captis
933 972 943 989 ‚
977 940 1054 984 'nec
1091 955 1167 981 uon
1199 956 1249 983 ex
1281 943 1369 984 aliis
1402 944 1505 986 Solis
1538 945 1725 986 altitudi-

474 1004 591 1045 nibus
623 1005 659 1044 d.
701 1007 755 1041 16
789 1014 831 1043 et
872 1010 933 1044 ιδ.
966 1007 1123 1057 August
1145 1037 1156 1057 ‚
1205 1016 1404 1060 quantum
1436 1007 1600 1051 coelum
1630 1019 1725 1063 per-

477 1068 588 1109 mifit
608 1100 619 1121 ‚
652 1067 806 1108 sumtis.

475 1189 540 1249 T
543 1187 770 1247 ransitus
804 1188 1001 1247 Lunae
1034 1209 1137 1269 per
1161 1190 1406 1252 Pleiades
1426 1213 1510 1253 an.
1542 1194 1724 1276 1766.

533 1273 589 1330 d.
638 1293 717 1334 22.
759 1274 1101 1353 September
1143 1272 1272 1355 styl.
1317 1298 1446 1340 nov.
1490 1290 1667 1359 temp.

950 1354 1251 1413 astronom.

624 1508 734 1550 Ante
763 1513 937 1560 quatuor
970 1504 1052 1545 dies
1083 1514 1125 1545 et
1161 1503 1316 1560 aliquot
1350 1505 1468 1549 horas
1503 1508 1619 1551 Luna
1650 1525 1728 1566 op-

478 1572 717 1630 positionem
753 1583 848 1612 cum
882 1567 1006 1619 Sole,
1046 1568 1112 1609 seu
1146 1568 1420 1612 Plenilunium
1443 1603 1455 1624 ,
1503 1573 1728 1617 celebraue-

477 1649 540 1679 rat
561 1669 571 1689 ‚
612 1648 734 1691 quam
766 1635 816 1675 ob
849 1645 938 1673 rem
973 1631 1112 1687 phasin
1143 1634 1258 1675 valde
1289 1635 1445 1687 gibbam
1475 1638 1696 1680 ostendebat
1717 1671 1730 1692 ,

477 1711 526 1744 vt
558 1697 736 1755 cuspides
766 1699 853 1738 eius
885 1707 956 1736 nec
1011 1697 1108 1738 bene
1157 1699 1389 1740 terminatae
1437 1704 1697 1755 apparuerint
1716 1735 1729 1757 ‚

477 1777 550 1806 nec
582 1764 687 1804 linea
719 1762 899 1816 cuspides
929 1772 1097 1814 iungens
1129 1761 1219 1802 satis
1249 1762 1417 1804 fidenter
1439 1794 1451 1816 ,
1491 1768 1620 1819 quoad
1651 1781 1727 1821 po-

475 1829 666 1872 fitionem
688 1858 700 1878 ‚
730 1825 944 1868 diiudicari
979 1826 1171 1880 potuerit.
1252 1827 1319 1868 Ex
1353 1827 1424 1868 hac
1466 1831 1727 1873 circumstan-

480 1895 536 1934 tia
584 1890 697 1933 facile
749 1889 979 1943 praeuidere
1032 1888 1186 1942 licuit5
1234 1902 1439 1933 momenta
1472 1924 1483 1945 ,
1533 1907 1634 1948 quae
1683 1896 1727 1937 in

477 1955 669 1999 Tranfitu
701 1953 840 1995 Lunae
873 1953 1131 1995 incidentiam
1165 1953 1290 1996 lineae
1322 1957 1557 2010 cuspidum,
1590 1968 1727 2000 mente

477 2029 591 2078 extra
622 2019 774 2065 discum
806 2017 1030 2077 pronastae
1048 2048 1062 2071 ‚
1098 2018 1143 2061 in
1175 2018 1303 2063 stellas
1322 2050 1335 2073 ,
1375 2021 1438 2063 seu
1473 2021 1730 2065 coniunc‘tio-

1630 2098 1727 2127 nem
