1856 2653
362 176 913 221 METEOROLOGICAE
967 178 1018 217 A.
1078 191 1178 229 142.
1288 195 1380 232 339

147 305 202 347 go
253 295 424 336 variatio
475 305 675 333 :1.20.
728 291 822 332 hinc
873 293 1006 333 media
1057 292 1165 334 sensu
1209 304 1255 334 vt
1289 296 1401 350 supra

149 369 221 408 27.
246 373 317 410 30.

287 448 470 490 Maxima
520 446 556 486 d.
614 459 652 486 1.
705 444 746 486 h.
802 459 869 485 11.
906 457 942 497 p.
982 458 1037 486 m.
1077 446 1130 486 est
1169 446 1403 497 observata,

142 514 371 554 antecedens
425 524 492 559 27.
535 517 604 557 85.
642 513 800 564 sequens
857 516 1021 559 27.80.
1124 512 1278 550 Ventus
1327 524 1402 550 OO.

138 578 309 617 anteced.
362 576 430 630 Og
454 575 553 617 N1.
596 575 756 629 sequens
790 575 887 617 SW
907 591 936 614 ι.
992 574 1166 616 Coclum
1204 576 1402 625 strenum,

136 642 197 679 vti
251 653 411 695 quoque
469 653 539 693 per
590 650 726 680 totum
775 641 883 681 diem
928 650 967 680 et
1000 642 1078 680 fere
1110 641 1174 680 die
1210 640 1401 693 sequenti.

133 703 257 747 Calor
292 715 462 753 5:150.
499 706 538 746 h.
578 717 616 754 3.
652 720 688 761 p.
725 718 780 746 m.
822 717 923 754 144.

289 789 467 831 Minima
523 789 696 840 contigit
744 789 781 828 d.
837 801 909 835 24.
960 785 1000 824 h.
1038 795 1076 831 3.
1112 799 1152 839 p.
1185 798 1236 825 m.
1274 797 1399 828 vento

134 851 233 894 Nl.
269 853 532 902 antecedente,
566 853 656 892 01.
679 856 860 904 sequente
885 849 1104 892 WSW2.
1139 850 1263 891 Calor
1296 859 1398 900 148.

133 928 251 956 mane
291 921 406 964 150}-
473 914 566 960 Nix
595 928 664 968 per
698 924 836 955 totum
877 915 985 955 diem
1021 914 1165 954 cecidit
1217 917 1399 969 madida,

134 989 176 1020 et
207 980 287 1019 dies
320 981 549 1021 antecedens
584 979 744 1019 nubilus
779 989 818 1019 ct
852 979 1016 1019 niuosus
1036 1010 1050 1031 ‚
1084 979 1265 1033 sequente
1285 981 1400 1021 noete

135 1053 176 1084 et
205 1045 269 1085 die
304 1044 478 1097 sequenti
511 1045 741 1098 tempestate
774 1045 918 1086 serena.

285 1126 406 1168 Calor
443 1128 650 1167 maximus
682 1130 838 1172 :1283
873 1128 1000 1179 frigus
1031 1128 1270 1168 maximum
1295 1130 1401 1186 ¹⁶4}

136 1189 233 1233 hInc
266 1191 438 1231 variatio
470 1183 625 1240 3:36⁰,

290 1269 437 1320 Frigus
487 1269 723 1309 maximum
774 1267 1034 1308 obseruatum
1085 1270 1123 1309 d.
1169 1280 1239 1312 21,
1275 1269 1316 1310 h.
1354 1279 1400 1320 7.

134 1344 168 1374 a.
201 1345 256 1372 m.
291 1330 331 1373 h.
371 1345 408 1378 3-
445 1344 484 1384 p.
532 1344 586 1370 m.
627 1334 801 1379 :156-
840 1331 996 1370 Ventus
1047 1341 1132 1372 erat
1179 1344 1253 1374 00.
1306 1334 1397 1376 Alt.

135 1397 216 1438 bar.
255 1405 326 1445 27.
351 1405 421 1444 35.
456 1393 618 1435 coelum
654 1395 851 1435 serenum.

283 1480 405 1522 Calor
442 1481 646 1521 maximus
679 1481 716 1521 d.
754 1484 792 1519 8.
826 1477 866 1518 h.
906 1490 947 1527 3.
981 1493 1021 1533 p.
1057 1492 1114 1520 m.
1148 1479 1262 1533 coelo
1294 1482 1397 1521 sere-

137 1557 192 1586 no
214 1575 225 1594 ‚
260 1554 384 1584 vento
416 1543 580 1585 SSW1
619 1543 689 1585 alt.
723 1544 802 1585 bar.
832 1554 975 1594 ,327‚
1000 1550 1070 1586 82·
1121 1544 1245 1588 Mane
1285 1543 1396 1585 calor

134 1620 291 1657 :139
327 1617 423 1649 erat.

287 1705 376 1746 Ae'r
410 1713 450 1745 et
481 1703 558 1745 hoc
592 1704 722 1745 mense
756 1703 845 1745 satis
877 1703 1121 1760 tranquillus
1152 1705 1231 1746 fuit
1251 1735 1263 1756 ‚
1296 1698 1395 1746 vni-‘

132 1781 202 1811 cus
230 1779 376 1811 ventus
410 1769 508 1818 W3
543 1769 579 1809 d.
624 1783 692 1810 10.
729 1767 769 1809 h.
808 1781 848 1818 3.
885 1782 923 1822 p.
958 1783 1012 1810 m.
1058 1770 1286 1810 obseruatus
1338 1769 1390 1810 est

130 1832 347 1875 altitudine
370 1836 450 1876 bar.
483 1847 504 1875 a
532 1843 587 1884 27
624 1838 654 1873 6
661 1843 681 1882 ς
720 1834 768 1875 ad
806 1845 878 1883 27.
900 1838 960 1874 60
994 1845 1085 1875 ante
1117 1835 1384 1875 descendente.

130 1898 224 1940 Nix
261 1899 392 1952 prima
426 1899 463 1939 d.
502 1903 572 1938 16.
606 1899 746 1940 cecidit
770 1930 782 1950 ‚
815 1908 855 1939 et
885 1900 1002 1940 noete
1035 1901 1141 1940 inter
1180 1912 1235 1948 19
1264 1906 1304 1938 et
1328 1910 1385 1937 20

127 1961 273 2014 glacies
307 1965 468 2005 Turam
501 1963 680 2005 fluuium
715 1964 755 2003 in
788 1964 942 2006 vicinia
976 1964 1084 2005 vrbis
1117 1963 1264 2017 vbique
1316 1974 1387 2002 oc·

129 2029 305 2083 eupauit.
402 2027 596 2071 Ceterum
634 2029 768 2072 maior
810 2027 952 2070 menfis
985 2042 1075 2085 pars
1113 2029 1202 2071 satis
1253 2029 1385 2084 serena

722 2093 806 2135 Vv
842 2107 866 2134 2
1295 2090 1383 2133 fuit.
