1856 2653
464 202 550 237 2250
770 191 1390 236 ADMIRANDO

462 308 604 352 bulbus
637 307 947 349 Thermometri
978 307 1124 348 suffitus
1159 308 1212 349 est
1232 339 1243 360 ‚
1293 304 1522 350 Mercurius
1571 314 1710 347 autem

465 374 635 430 perfec'oe
670 382 779 414 totus
811 373 1040 425 congelatus
1073 381 1167 412 erat.
1249 371 1344 413 Alia
1375 371 1597 412 differentia
1638 384 1713 413 no·

465 437 580 478 tanda
614 448 772 491 quoque
805 437 888 488 est,
941 436 1092 489 saepius
1133 435 1240 476 mihi
1288 436 1491 476 obseruata
1513 464 1525 484 ,
1574 435 1681 488 quod
1702 465 1714 485 ,

465 502 566 542 dum
600 501 762 554 spiritus
797 501 895 540 nitri
928 500 1075 540 infusus
1115 500 1168 539 est
1190 531 1202 551 ,
1252 500 1437 552 primum
1489 499 1718 539 adscendere

465 565 644 616 coeperit
679 564 907 605 Mercurius
927 594 939 614 ‚
980 564 1167 617 quamuis
1201 564 1362 615 spiritus
1395 564 1524 614 nitri,
1576 562 1648 602 nix
1677 570 1718 602 et

470 627 702 670 Mercurius
735 628 776 666 in
812 627 1134 667 Thermometro
1165 628 1212 667 ad
1264 628 1427 667 eandem
1479 627 1720 679 temperiem

470 701 584 733 antea
619 692 739 731 essent
772 691 936 732 red-aeia.
1010 692 1116 747 Quia
1150 690 1227 731 hoc
1258 691 1585 730 Phaenomenum
1618 702 1722 730 non-

473 766 684 808 nunquam
741 763 899 793 tantum
951 756 1157 806 contigit,
1205 754 1353 794 attendi
1402 755 1628 794 adcuratius
1676 752 1725 792 ad

473 830 613 861 omnes
645 817 986 864 circumstantiam
1035 828 1075 857 et
1108 817 1311 869 contigisse
1342 817 1418 857 hoc
1448 819 1581 859 visum
1639 816 1693 857 est
1714 846 1726 867 ,

474 884 633 938 quoties
673 880 800 922 infudi
841 892 985 933 aquam
1025 881 1171 920 fortem
1212 882 1254 919 in
1303 881 1470 920 bulbum
1520 880 1729 921 Thermo-

477 946 604 989 metri
636 958 716 985 non
751 943 920 997 perfeste
953 944 1047 982 niue
1079 941 1280 995 sepultum
1314 944 1544 996 adeoquein
1563 943 1728 983 bulbum

478 1008 790 1051 Thermometri
821 1019 841 1046 a
876 1008 971 1046 niue
1013 1019 1190 1047 vacuum
1235 1006 1392 1046 direc‘re.
1495 1006 1729 1047 Differentia

480 1085 606 1128 porro
640 1080 780 1111 notatu
815 1070 933 1121 digna
966 1070 1041 1120 est,
1074 1083 1195 1123 quam
1232 1070 1288 1110 bis
1315 1070 1452 1109 videre
1475 1069 1581 1109 mihi
1602 1070 1733 1110 conti-

482 1138 545 1189 git
565 1167 576 1187 ,
609 1138 718 1187 quod
753 1132 1118 1173 Thermometrum
1152 1144 1204 1168 ex
1232 1133 1412 1170 mixtura
1432 1133 1538 1170 niuis
1555 1142 1597 1172 et
1614 1142 1737 1186 aquae

482 1200 600 1241 fortis
634 1198 717 1237 iam
750 1195 980 1235 extractum
1002 1224 1014 1244 ‚
1072 1204 1206 1234 tamen
1240 1195 1279 1233 in
1315 1195 1404 1233 ae're
1454 1193 1580 1235 libero
1628 1195 1738 1236 vlte-

476 1263 571 1303 sius
621 1259 890 1308 descenderit,
944 1258 1041 1310 quin
1093 1259 1141 1298 ad
1177 1257 1378 1311 punstum
1413 1257 1739 1311 conglaciationis

491 1323 691 1367 Mercurii
725 1333 860 1374 Vsque.

636 1385 832 1439 Respeeiu
866 1382 1117 1424 diuersorum
1148 1383 1566 1426 Thermometrorum
1588 1416 1600 1437 ‚
1649 1385 1745 1426 nul⁴

493 1450 586 1492 lum
622 1449 997 1503 phaenomenorurn
1027 1447 1291 1487 differentiam
1337 1450 1542 1489 obseruare
1595 1449 1710 1503 potui
1733 1480 1745 1501 ‚

493 1515 576 1556 siue
609 1513 721 1552 enim
755 1510 938 1561 longiora
959 1541 971 1560 ,
1005 1508 1087 1548 flue
1119 1510 1304 1550 breuiora
1337 1511 1654 1554 'rhei-mometra
1677 1513 1748 1552 ad-

494 1576 702 1619 hibuerim
723 1605 736 1626 ,
785 1573 868 1614 siue
916 1573 1003 1613 tubi
1057 1573 1367 1614 Thermometri
1401 1588 1452 1615 ex
1481 1576 1593 1615 vitro
1621 1573 1748 1616 bohe-

494 1642 603 1684 mico
624 1671 636 1692 ‚
687 1639 769 1678 siue
803 1637 925 1678 huius
955 1636 1068 1688 loci,
1120 1637 1261 1678 viliori
1290 1648 1330 1677 et
1365 1638 1530 1679 meliori
1565 1640 1749 1680 constite-

497 1707 613 1755 rint,
662 1703 732 1744 sub
784 1701 926 1742 iisdem
968 1702 1272 1742 circumstantiis
1301 1705 1436 1744 eadem
1474 1701 1748 1755 phaenomena

499 1779 540 1810 et
573 1767 744 1809 eundem
778 1765 963 1807 effectum
999 1765 1225 1818 praestitere
1269 1764 1422 1819 semper
1475 1766 1750 1808 Thermome-

502 1842 564 1873 tra
588 1863 600 1882 ‚
630 1829 819 1884 quamuis
854 1842 928 1883 pro
956 1828 1182 1869 diuersitate
1214 1830 1336 1880 vitri,
1370 1829 1520 1871 diuersa
1552 1831 1637 1870 eius
1654 1843 1753 1871 con-

505 1896 650 1938 traCtio
671 1926 684 1945 ‚
716 1906 839 1945 quam
873 1894 1074 1933 summam
1106 1893 1148 1933 in
1183 1903 1292 1934 tanto
1325 1895 1474 1946 frigore
1506 1895 1584 1948 pati
1619 1895 1754 1946 debet,
1793 1931 1796 1934 ,

506 1969 667 2014 quoque
722 1957 792 1997 fiat
837 1955 982 1998 necesse
1039 1957 1104 1998 est.
1199 1956 1318 2011 Quod
1352 1957 1381 1998 fi
1416 1971 1515 1999 vero
1548 1957 1641 1998 haec
1675 1959 1758 1999 im-

509 2023 620 2079 pleui
651 2021 812 2064 diuerso
844 2020 1055 2065 Mercurio
1075 2052 1089 2074 ‚
1128 2021 1330 2063 diuerfitas
1363 2022 1553 2076 quaedam
1589 2022 1760 2064 omnino

507 2087 726 2143 ndparebat.
1640 2083 1753 2128 Nam
