1856 2653
446 197 1145 241 FVNCTIONVM.
1375 215 1429 250 ηρ.

173 316 238 356 seu
272 325 293 353 a
334 313 610 353 continuitatis
646 312 733 364 lege
777 311 1054 362 abhorrentia,
1090 311 1135 350 in
1176 311 1211 350 se
1249 312 1434 364 comple-

175 379 319 419 Ctatur.
1253 404 1286 426 x

338 455 411 480 20.
473 439 539 480 Ne
574 450 710 481 autem
748 441 815 481 hic
851 441 927 481 vlli
979 441 1100 481 dubio
1152 438 1262 480 locus
1314 441 1437 480 relin-

174 513 321 557 quatur
345 536 355 554 ‚
386 505 583 545 eiusmodi
623 505 827 558 problema
861 505 1056 546 <uoluam
1079 536 1090 555 ‚
1131 506 1246 543 cuius
1291 504 1439 544 solutio

174 570 269 609 adeo
302 581 353 607 ex
393 570 601 610 elementis
636 569 747 612 facile
780 570 988 611 deducitur
1009 601 1020 620 ‚
1071 577 1111 607 ct
1154 581 1254 621 quae
1298 569 1353 608 ita
1387 567 1441 607 est

174 642 407 686 comparata
426 665 436 685 ‚
472 642 519 673 vt
553 635 597 673 in
629 646 670 673 ea
705 633 928 673 functiones
961 632 1228 673 discontinuae
1252 663 1263 683 ,
1297 631 1361 672 seu
1388 630 1441 670 li-

177 707 270 735 neae
303 709 451 738 curuae
486 708 561 750 pro
595 697 725 738 lubitu
761 697 916 748 ductae,
938 696 1150 737 necessario
1182 696 1349 736 admitti
1371 696 1440 736 de<-

173 760 314 810 beant;
349 762 486 802 deinde
522 762 629 801 idem
682 760 892 813 problema
940 760 1135 811 analytice
1195 760 1442 813 expediam,

172 836 254 878 quo
286 823 432 864 clarius
467 824 662 866 necessitas
696 824 954 864 functionum
990 823 1443 877 arbitrariarum,quae

171 888 438 939 integratione
471 889 782 929 introducuntur
805 919 816 937 ,
856 900 906 928 ex
940 889 1124 929 consensu
1161 899 1258 928 cum
1312 888 1442 941 priori

171 952 404 1004 solutione,
438 952 639 994 elucescat.
704 951 913 993 problema
957 963 1096 993 autem
1139 952 1194 992 ita
1228 953 1263 993 se
1299 950 1442 992 habet:

171 1021 217 1055 vt
249 1017 371 1056 omnia
389 1011 515 1068 solida
537 1048 553 1068 r
582 1017 635 1056 ad
666 1027 816 1069 quorum
834 1015 1068 1070 superficiem
1102 1017 1138 1057 in
1163 1014 1315 1072 fingulis
1343 1023 1441 1070 pun-

171 1078 242 1119 Hit
273 1079 451 1120 normales
483 1080 613 1121 duc‘lae
634 1111 646 1132 ,
678 1081 834 1122 eiusdem
866 1080 937 1126 fint
966 1082 1202 1133 quantitatis.
1269 1079 1440 1134 Quando

172 1142 220 1182 de
253 1144 368 1183 lineis
403 1146 553 1192 agitur,
575 1154 722 1183 notum
755 1145 830 1190 cst,
851 1153 1007 1193 practer
1042 1143 1245 1182 circulum
1280 1144 1442 1184 nullam

173 1205 259 1244 dari
294 1204 445 1244 lineam
480 1216 650 1244 curuam
672 1234 684 1253 ‚
717 1204 833 1241 cuius
868 1216 1010 1242 omnes
1043 1203 1245 1245 norma-les
1280 1203 1357 1245 fi-nt
1375 1206 1441 1256 in-

175 1275 237 1306 ter
270 1267 306 1305 st:
341 1266 551 1317 aequale55
586 1274 627 1302 at·
661 1264 690 1302 fi
726 1263 820 1302 haec
855 1266 1070 1316 aequalitas
1103 1266 1356 1306 normalium
1393 1267 1442 1307 ad

172 1328 295 1370 solida
328 1329 574 1377 extenditur,
608 1334 655 1366 vt
690 1339 833 1366 omnes
867 1327 1011 1379 reetae,
1045 1341 1067 1368 a
1101 1338 1194 1368 Qato
1212 1327 1332 1382 plano
1353 1338 1442 1370 tan-

172 1404 297 1446 quam
330 1391 406 1432 basi
443 1393 489 1433 ad
526 1388 776 1443 superficiem
814 1392 1053 1437 normaliter
1087 1393 1251 1444 ductae,
1278 1394 1442 1434 debeant

171 1455 245 1496 effe
279 1457 387 1496 inter
419 1454 456 1495 se
488 1454 668 1508 aequales
690 1485 702 1504 ,
735 1453 895 1494 infinita
929 1456 1110 1497 exhiberi
1144 1455 1303 1510 possunt
1344 1456 1441 1498 soli·

169 1520 248 1570 da,
300 1520 341 1559 in
373 1531 471 1572 quae
507 1519 600 1559 hasc
636 1517 856 1571 proprietas
890 1521 1100 1573 competit.
1184 1520 1325 1561 Primo
1366 1522 1439 1563 sci-

169 1583 264 1624 licet
297 1582 376 1624 hoc
406 1583 610 1623 manifesto
644 1583 779 1622 euenit
813 1582 856 1621 in
891 1582 1211 1637 hemisphaerio,
1226 1582 1292 1624 vel
1313 1585 1439 1624 etiam

169 1647 332 1701 sphaera
355 1679 365 1698 ,
397 1648 512 1686 cuius
544 1655 731 1686 centrum
766 1645 816 1684 in<
845 1645 965 1698 plano
1015 1647 1090 1687 illo
1138 1647 1208 1687 seu.
1255 1647 1331 1688 basi
1384 1648 1438 1690 est

170 1711 294 1752 situm
318 1741 330 1761 ,
363 1712 464 1751 dum
498 1722 638 1752 omnes
673 1709 800 1749 rectae
835 1709 1037 1751 normales
1078 1710 1202 1754 simul
1241 1711 1332 1752 sunt
1371 1723 1438 1751 ra·

169 1775 228 1818 dii
260 1773 455 1828 sphaerae.
522 1774 678 1816 Deinde
723 1773 752 1813 si
805 1771 1017 1822 cylindrus
1066 1775 1129 1816 ita*
1175 1773 1400 1815 collocetur
1422 1806 1443 1826 ,J

168 1849 216 1880 vt
249 1839 336 1878 eius
369 1839 454 1878 axis
488 1840 535 1879 in.
562 1839 692 1878 basem
727 1835 875 1877 incidat
896 1870 908 1890 ‚
958 1851 1097 1880 omnes
1139 1850 1301 1893 quoque
1336 1851 1436 1888 nor·

134 1943 136 1945 .
169 1901 294 1943 males
323 1904 429 1943 int.:r
464 1901 498 1940 se
532 1901 710 1956 aequales
745 1900 949 1942 habentur.
1033 1903 1139 1943 Hinc
1173 1911 1312 1942 autem
1345 1902 1433 1943 col-

170 1965 315 2019 ligitur
350 1965 496 2006 soluto
533 1967 667 2007 multo
700 1966 820 2005 latius
862 1976 1029 2018 patens,
1081 1966 1276 2021 quoniam
1327 1966 1435 2007 sal'ua

172 2028 244 2073 hac
277 2030 523 2085 proprietate
558 2032 642 2070 axis
676 2027 851 2080 cylindri
886 2030 1251 2084 quomodocunque
1291 2031 1435 2070 incur-

172 2094 261 2134 vari
295 2095 417 2148 potest
439 2125 450 2145 ‚
485 2105 613 2146 quam¹
644 2092 886 2133 solutionem
921 2094 1149 2146 generalem
1194 2095 1248 2134 ita
1299 2106 1437 2134 enim·

174 2157 276 2199 ciare
312 2157 420 2199 licet.
491 2156 700 2214 Descripta
732 2157 849 2211 super
882 2158 1004 2213 plano
1046 2157 1133 2202 fixo
1182 2156 1289 2198 linea
1327 2154 1434 2212 quac

1120 2217 1123 2220 ’
1273 2232 1439 2278 cunque.
