1856 2653
510 247 597 284 168
717 240 817 284 DE
866 239 1089 284 MOTV
1137 235 1531 282 CORPORIS

505 368 604 411 quae
638 355 691 395 est
727 354 985 408 problematis
1018 352 1165 393 solutio
1195 365 1340 406 aequae
1373 350 1543 404 fimplex
1581 362 1625 391 ac
1654 362 1757 413 >pera

508 422 604 462 seem
626 449 637 469 ‚
667 431 761 459 cum
793 418 883 458 hinc
917 418 962 456 ad
998 417 1166 470 quoduis
1197 426 1358 469 tempus
1394 429 1420 454 τ
1453 427 1506 454 ex
1538 415 1759 458 construeta

508 496 742 549 aequatione
765 476 856 545 [ἐξ
873 496 955 546 :s
974 476 1017 541 ἐξ
1050 505 1126 532 non
1161 492 1291 533 solum
1344 502 1512 544 Vtraque
1560 489 1761 531 variabilis

510 572 532 599 r
564 569 604 598 et
638 571 681 607 s,
716 557 883 607 indeque
916 555 1118 596 distantiae
1147 568 1174 596 v
1205 567 1245 597 et
1274 569 1297 598 u
1330 556 1391 597 sed
1423 556 1548 595 etiam
1587 553 1759 605 angulus

511 617 552 672 Φ
585 621 766 673 affignari
801 618 960 673 poffint.

667 759 735 796 30.
774 747 838 788 Eo
872 746 1024 787 maiore
1057 756 1192 788 autem
1227 747 1323 790 haec
1353 748 1500 789 solutio
1547 746 1763 788 attentione

515 813 637 865 digna
668 812 723 851 est
744 841 756 862 ‚
798 811 905 864 quod
935 824 1014 851 non
1048 813 1179 851 solum
1214 824 1378 852 motum
1411 812 1585 866 corporis
1620 812 1662 850 in
1694 821 1765 848 eo-

514 877 606 917 dem
641 875 794 930 plano,
828 885 951 927 quem
987 874 1120 914 casum
1151 878 1337 927 equidem
1369 878 1450 916 iam
1483 866 1767 925 ante'aliquot

518 951 641 980 annos
690 936 831 977 euolui
851 968 862 990 ‚
913 937 1206 990 complectatur
1227 970 1238 990 ‚
1289 941 1349 980 sed
1390 942 1512 980 etiam
1546 940 1594 979 ad
1627 947 1768 977 omnes

518 1003 635 1057 plane
669 1010 805 1043 motus
825 1031 836 1051 ,
869 1002 940 1055 qui
975 1002 1136 1054 quidem
1169 1003 1208 1041 in
1241 1015 1386 1056 corpus
1416 1015 1492 1055 pro
1524 1011 1660 1041 motus
1692 997 1766 1051 ipsi

518 1066 640 1106 initio
691 1063 870 1118 impressi
922 1065 1074 1105 ratione
1123 1066 1257 1118 cadere
1308 1065 1467 1119 poffunt
1515 1064 1768 1104 extendatur.

517 1128 654 1184 Quare
686 1140 768 1181 quo
801 1128 865 1167 vis
896 1128 1019 1167 huius
1044 1129 1267 1179 *solutionis
1300 1129 1445 1171 clarius
1481 1128 1740 1180 perspictatur
1761 1155 1773 1178 ,

519 1193 659 1246 primo
687 1190 855 1244 quidem
889 1201 979 1229 eam
1011 1190 1058 1229 ad
1091 1192 1253 1243 casum,
1303 1204 1387 1245 quo
1418 1200 1553 1230 motus
1593 1188 1773 1243 corporis
1817 1226 1826 1230 -

520 1256 563 1295 in
615 1255 755 1294 eodem
813 1251 932 1304 plano
982 1252 1201 1294 absoluitur
1223 1285 1235 1305 ‚
1288 1255 1329 1295 in
1379 1267 1461 1307 quo
1492 1253 1582 1294 bina
1615 1253 1772 1293 virium

522 1325 658 1357 centra
692 1317 782 1356 sunt
813 1315 883 1354 fita
906 1344 917 1364 ‚
958 1318 1295 1367 accommodab03
1345 1317 1411 1356 vbi
1449 1317 1571 1356 fimul
1603 1316 1772 1368 insignia

521 1380 716 1434 quaedam
748 1376 871 1417 huius
908 1386 1044 1416 motus
1077 1378 1349 1432 phaenomena
1400 1379 1626 1429 annotabo,
1672 1381 1776 1420 dum

524 1443 615 1485 fieri
651 1441 775 1495 potest
796 1471 807 1491 ‚
841 1449 888 1481 vt
920 1452 1065 1493 corpus
1096 1443 1192 1486 adeo
1223 1442 1263 1481 in
1294 1441 1460 1482 mitione
1489 1443 1625 1483 conica
1645 1471 1657 1492 ‚
1690 1443 1775 1482 cir-

523 1520 568 1548 ca
598 1505 688 1544 bina
722 1501 882 1544 virium
914 1512 1046 1542 centra
1077 1512 1268 1558 tanquam
1302 1506 1408 1544 focos
1439 1495 1629 1559 descripta
1683 1519 1776 1546 mo-

524 1577 669 1613 veatur
691 1596 703 1617 ,
733 1566 781 1605 de
810 1577 892 1620 quo
925 1567 1090 1619 quidem
1123 1568 1210 1608 casu
1245 1579 1325 1606 non
1358 1566 1498 1607 dubito
1519 1599 1530 1618 ,
1559 1569 1660 1620 quin
1693 1571 1775 1610 iam

526 1633 572 1673 ab
605 1631 693 1672 aliis
727 1629 777 1670 sit
807 1630 1039 1674 obseruatus,
1127 1630 1284 1672 Deinde
1317 1642 1416 1671 vero
1448 1631 1657 1685 imprimis
1704 1633 1777 1674 do-

531 1696 624 1740 cebo
673 1691 805 1733 simile
857 1692 1160 1746 phaenomenon
1211 1695 1332 1734 etiam
1382 1694 1423 1734 in
1468 1704 1584 1736 motu
1616 1706 1694 1735 non
1729 1695 1776 1736 ad

529 1760 651 1800 idem·
675 1755 842 1810 planum
877 1756 1035 1809 relato,
1083 1758 1314 1809 contingere
1350 1757 1454 1811 posse
1475 1789 1487 1809 ‚
1540 1767 1588 1798 vt
1632 1770 1778 1811 corpus

531 1823 574 1863 in
608 1819 814 1874 superficie
847 1820 1089 1874 sphaeroidis
1119 1819 1290 1876 elliptici
1323 1820 1390 1864 vel
1422 1821 1598 1873 conoidis
1623 1820 1777 1876 hyper-
1819 1852 1823 1854 v

529 1884 650 1930 bolici
681 1886 1000 1929 circumferatur.

1568 2139 1606 2182 1.
1638 2125 1758 2182 Casus
1766 2169 1789 2207 9
