1856 2653
314 167 1160 219 DESCRIPTIONES.
1269 191 1359 233 4¹¹

117 287 215 344 pitis
250 301 376 333 cornu
399 320 411 341 ‚
461 288 662 343 mediique
696 286 869 329 thoracIS
902 299 1029 330 cornu
1063 290 1199 343 supina
1230 302 1271 331 et
1301 290 1365 332 la·

117 354 233 395 terali
275 356 400 407 facie,
448 363 496 394 vt
529 363 571 394 et
600 354 923 393 extremitatibus
957 364 1159 392 cornuum
1196 353 1366 395 thoracis

117 415 381 468 lateralium,
430 418 601 457 omnino
651 417 806 468 glabris.
881 418 1047 458 Ratione
1078 419 1364 458 conformatio-

113 481 174 521 nis
208 483 387 534 partium
420 482 655 535 plurimum
690 494 786 521 cum
823 482 956 535 priore
992 481 1120 534 specie
1159 483 1363 522 conuenit.

113 543 248 598 Caput
281 556 498 586 cornutum
530 546 569 585 in
601 558 726 599 prona
758 545 967 599 superficie
1004 546 1068 585 seu
1113 548 1152 585 in
1204 550 1367 595 fronte,

113 612 376 651 eminentiam
409 609 570 650 exhibet
603 622 806 663 paruam,
853 622 928 651 ceu
963 610 1088 650 dentis
1123 609 1366 658 cuiusdam,

110 673 273 725 qualem
311 673 351 713 in
386 674 641 728 praecedente
676 675 830 728 specie,
881 685 1059 725 eumque
1111 673 1367 723 solitarium,

111 737 330 788 vidimus,
390 739 685 778 rudimentum.
786 738 903 778 ldem
953 735 1094 776 abhinc
1144 737 1187 775 'in
1240 747 1368 777 ornu

110 798 192 839 abit
213 830 225 850 ‚
276 801 320 850 7}
354 801 425 842 lin.
457 801 629 852 longum
649 832 665 850 ‚
720 811 950 855 parumque
984 799 1142 839 sursum
1174 811 1364 839 recurua-

112 871 201 903 tum
225 893 238 914 ,
287 877 413 918 prona
462 864 557 905 fiacie
590 863 922 915 subconuexum‚
971 863 1108 916 supina
1137 862 1370 916 planiuscu-

108 923 202 966 lum
225 956 238 978 ,
294 937 335 967 et
386 928 429 967 in
464 937 651 968 extremo
682 927 722 966 'in
752 929 891 968 dentes
924 928 1023 967 duos
1053 925 1198 978 longos
1233 940 1275 968 ac
1304 927 1371 968 di-

107 999 319 1041 vergentes
369 989 518 1032 fiss‘um.
601 991 689 1033 Hoc
738 990 871 1032 latum
909 992 1071 1042 magis,
1110 1003 1234 1044 quam
1268 1002 1371 1032 cras·

107 1051 199 1093 sum
247 1055 302 1095 est
321 1084 333 1102 ‚
382 1063 425 1093 et
457 1067 479 1094 a
509 1053 588 1094 bafi
618 1056 926 1095 extremitatem
960 1055 1095 1095 versus
1134 1054 1372 1096 bifurcatum

109 1112 337 1156 lat'tudinis
370 1116 494 1155 etiam
529 1114 673 1156 sensim
702 1117 810 1170 capit
839 1128 1126 1169 augmentum.
1202 1117 1373 1160 Thorax

110 1180 328 1220 tricornis:
374 1180 457 1220 duo
504 1178 721 1230 lateralia,
764 1182 895 1220 =antice
943 1194 965 1220 e
996 1180 1151 1221 laterali
1187 1184 1373 1235 margine

110 1243 308 1297 producta
342 1243 570 1283 antrorsum
591 1274 602 1293 ‚
632 1245 811 1285 subacuta
833 1275 844 1294 ‚
877 1245 983 1299 inter
1019 1244 1054 1284 se
1085 1245 1334 1295 diuet-gentia
1355 1274 1372 1296 ‚

109 1306 350 1360 internoque
378 1305 502 1346 latere
534 1318 556 1346 a
593 1308 805 1346 medietate
839 1319 964 1358 vsque
1002 1308 1052 1347 ad
1104 1308 1258 1359 apicem
1310 1308 1375 1348 le-

109 1369 218 1410 viter
249 1368 437 1409 exasciata
458 1399 471 1420 ,
520 1368 690 1408 tertium
724 1370 766 1409 in
799 1369 959 1410 summa
993 1369 1201 1423 mediaque
1233 1370 1373 1416 thona-

109 1433 166 1473 cis
199 1441 310 1486 parte
343 1432 450 1471 reeca
483 1436 563 1471 fere
594 1432 822 1470 antrorsum
855 1433 1064 1472 extensum
1099 1444 1140 1473 et
1174 1434 1372 1476 horizon-

109 1495 247 1536 taliter
276 1493 545 1546 compressum
576 1506 702 1533 cornu
738 1494 792 1535 est
811 1525 824 1545 ,
877 1496 984 1550 quod
1019 1495 1095 1536 lata
1131 1508 1271 1539 ortum
1302 1499 1374 1538 ba-

111 1559 175 1609 si,
227 1570 328 1600 mox
378 1566 641 1608 attenuatur,
694 1567 768 1608 et,
816 1571 895 1612 qua
948 1562 1157 1613 prominet
1185 1591 1196 1611 ‚
1261 1573 1374 1615 parte

110 1623 296 1664 deorsum
329 1620 473 1661 leuiter
503 1622 769 1664 inem-natur:
810 1623 997 1676 glabrum
1032 1635 1209 1665 ceterum
1248 1638 1372 1678 prona

111 1687 152 1728 in
185 1686 282 1727 facie
313 1697 356 1726 ac
387 1684 606 1739 1ateribus,
642 1686 775 1727 subtus
806 1700 907 1728 vero
936 1688 1168 1737 barbatum,
1205 1690 1296 1742 pilis
1325 1690 1372 1729 sc.

111 1749 247 1799 rufis,
297 1748 455 1801 denfis,
500 1751 805 1803 rigidiuscuiis,
863 1752 1047 1793 deorsum
1107 1752 1372 1805 spectantibus

112 1813 289 1856 obsitum
311 1843 323 1864 ‚
356 1814 545 1869 apiceque
576 1825 766 1858 truncato
795 1815 932 1870 quasi,
964 1817 1200 1872 modiceque
1235 1829 1372 1860 emar-

113 1878 256 1932 ginato
286 1878 592 1923 interstinctum.

626 1959 859 2022 *33*

712 2059 748 2103 F
767 2060 824 2101 ff
847 2075 873 2104 2
1286 2062 1368 2107 111.
