1856 2653
445 243 502 284 ⁵2
861 236 974 288 nee
1008 233 1021 292 )
1057 248 1082 276 0
1119 233 1133 291 <
1165 234 1279 285 &tes-

443 346 563 387 mens.
598 346 713 388 Paris.
746 347 909 388 duodec.
942 349 983 388 in
1018 361 1094 402 qua
1129 347 1212 389 Cel.
1245 347 1402 387 Auetor
1437 358 1513 398 ope
1557 346 1693 386 circini

442 420 481 450 et
515 409 632 450 scalae
665 414 932 463 geometricae
969 425 1044 466 pro
1077 411 1354 465 compluribus
1383 410 1582 461 Eclipscos
1604 424 1692 451 mo-

444 475 591 515 mentis
620 475 845 516 distantiam
878 489 1080 516 cornuum
1113 476 1175 515 seu
1206 475 1397 516 chordam
1436 473 1605 514 defectus
1652 485 1693 515 et

441 537 698 578 latitudinem
752 542 976 581 maximam
1029 540 1148 592 partis
1194 539 1346 579 lucidae
1395 539 1692 579 determinauit.

441 602 529 644 Iam
552 603 717 656 quidem
738 615 788 642 ex
808 605 886 657 ipsa
907 605 963 643 rei
984 613 1125 643 natura
1152 604 1399 644 manifestum
1421 603 1472 642 est
1491 633 1501 652 7
1536 615 1629 642 cuin
1654 604 1693 642 in

441 667 798 719 repraesentatione
816 669 919 709 Solis
939 680 1011 721 per
1032 667 1263 707 machinam
1285 667 1589 718 lieliolcopicam
1617 668 1694 706 ini-

443 732 550 770 tium
594 730 778 785 eclipseos
831 744 919 772 tum
947 733 1115 772 demum
1142 731 1212 773 sub
1236 733 1362 772 sensns
1387 733 1520 772 cadere
1547 730 1661 784 poflit
1681 762 1693 782 ,

441 807 538 835 cum
575 794 669 834 luna
700 796 873 836 limbum
902 797 1089 847 imaginis
1114 796 1250 836 solaris
1280 798 1360 835 iam
1388 794 1691 847 aliquantillum

441 859 692 913 penetrauit;
728 858 820 899 finis
839 870 971 900 autem
988 890 998 910 ‚
1022 872 1118 899 cum
1145 859 1295 899 limbus
1314 858 1430 898 lunae
1450 859 1576 900 adhuc
1595 870 1693 898 cum

441 924 626 973 margine
647 924 835 974 imaginis
854 924 989 965 solaris
1008 925 1288 974 confunditur,
1317 923 1603 963 obseruationes
1622 922 1694 963 hac

441 986 637 1028 methodo
664 988 859 1028 institutas
886 989 930 1028 ab
959 989 1003 1028 iis
1022 1020 1032 1038 ‚
1067 1001 1165 1041 quae
1194 999 1263 1041 per
1282 987 1395 1028 tubos
1411 988 1694 1028 ast1·onom}cos

440 1051 675 1090 immediate
694 1051 799 1091 fiunt
821 1083 831 1100 ‚
867 1065 945 1093 non
966 1052 1069 1092 nihil
1089 1054 1306 1104 discrepare
1326 1052 1460 1092 debere
1480 1067 1491 1101 ς
1523 1064 1605 1104 quo
1632 1062 1694 1091 ta·

441 1126 536 1154 men
555 1115 783 1156 diicrimine
803 1129 881 1156 non
900 1117 1071 1157 obstante
1092 1148 1103 1166 ‚
1138 1116 1363 1157 deducendo
1381 1127 1430 1154 ex
1448 1115 1696 1155 obit-ruario-

438 1178 553 1216 nibus
579 1179 792 1231 Vtriusque
817 1179 939 1217 claffis
966 1190 1128 1231 tempus
1150 1179 1432 1219 obscurationis
1460 1179 1662 1219 maximae
1682 1208 1694 1229 ,

440 1239 525 1281 Cel.
566 1241 725 1281 Aue'tor
756 1252 840 1280 tam
875 1241 1065 1291 exiguam
1100 1240 1364 1292 deprehendit
1397 1239 1695 1294 differentiam,

438 1312 488 1344 vt
522 1303 763 1344 methodum
800 1302 901 1342 hanc
933 1302 1203 1343 conclusiones
1236 1304 1477 1343 sufficienter
1512 1304 1616 1343 inter
1659 1305 1696 1345 se

439 1368 721 1408 consentientes
755 1367 1049 1408 subministrare
1074 1398 1085 1418 ,
1118 1375 1158 1405 et
1193 1365 1420 1406 machinam
1453 1364 1696 1421 helioscopi-

437 1443 528 1471 cam
580 1445 660 1472 non
712 1431 793 1471 fine
844 1432 976 1472 frndtu
1030 1431 1069 1470 in
1113 1430 1444 1471 obseruationibus
1485 1431 1692 1484 ecliplium

439 1494 635 1537 solarium
670 1494 881 1544 adhiberi,
933 1495 1181 1535 statuendum
1217 1495 1277 1534 fit.
1375 1494 1588 1547 Praecipua
1622 1507 1695 1535 aeu-

440 1566 524 1599 tem
549 1588 560 1607 ,
611 1570 688 1611 qua
741 1560 836 1599 haec
869 1558 1084 1600 methodus
1118 1560 1350 1611 premitur,
1400 1558 1617 1599 difficultas
1650 1559 1694 1600 in

439 1634 489 1663 eo
524 1621 649 1675 posita
680 1621 731 1661 est
758 1653 769 1672 ‚
804 1623 910 1675 quod
945 1624 991 1663 ad
1024 1623 1376 1663 determinandum
1412 1631 1573 1675 tempus
1604 1634 1694 1663 rna-

438 1686 574 1728 ximae
603 1686 886 1726 obscurationis
916 1695 1046 1740 partes
1079 1685 1233 1727 lucidae
1267 1697 1357 1727 ante
1396 1695 1436 1726 et
1491 1687 1575 1738 post
1623 1686 1693 1727 ob-

439 1749 706 1792 scutationem
741 1750 969 1790 maximam
999 1750 1173 1802 aequales
1207 1751 1252 1791 ab
1283 1761 1404 1804 eaque
1446 1762 1526 1790 non
1569 1750 1694 1790 nimis

439 1821 619 1855 remotae
669 1825 748 1854 vna
802 1825 898 1853 cum
950 1814 1201 1867 temporibus
1248 1814 1341 1868 ipsis
1374 1813 1694 1866 respondentibus

440 1877 624 1929 cognitae
675 1877 963 1930 requirantur3
1012 1890 1111 1932 quae
1145 1877 1175 1918 fi
1215 1890 1295 1920 non
1330 1878 1578 1927 habeantur,
1628 1879 1695 1930 (vt

438 1942 684 1998 plerumque
718 1939 781 1996 fit)
815 1943 937 1996 partis
969 1941 1123 1983 lucidae
1156 1953 1207 1981 ex
1239 1954 1323 1983 vno
1354 1943 1476 1984 latere
1531 1942 1697 1995 respon-

438 2007 566 2047 dentis
615 2004 785 2046 defeetus
832 2018 910 2060 ope
961 2006 1279 2060 interpolationis
1337 2005 1579 2060 supplendus
1610 2005 1692 2058 est,-

440 2070 519 2112 hoc
553 2069 683 2120 igitur
716 2070 828 2121 graui
865 2070 1127 2111 incommodo
1159 2070 1403 2113 methodum
1424 2099 1436 2120 ,
1488 2080 1589 2123 quae
1621 2069 1688 2109 sua

437 2135 476 2178 se
507 2130 684 2177 vtilitate
716 2135 806 2177 iure
843 2139 1132 2189 commendat,
1180 2133 1269 2179 Cel.
1319 2132 1478 2179 Auctor
1525 2133 1692 2175 feliciter
