1856 2653
517 203 630 254 &5³33
662 200 676 257 )
709 212 736 241 0
773 198 787 255 (
818 199 931 252 2:2³2«
1295 209 1351 249 τις

109 314 321 360 continent.
365 313 536 356 Pertinet
571 314 650 355 huc
687 315 894 369 praecipue
929 311 1136 356 Halonum
1170 315 1355 369 frequen-

111 383 162 421 tia
193 390 232 420 et
267 379 528 431 singularitas.
605 378 802 432 Inprimis
837 376 906 416 illa
942 377 1035 419 halo
1067 378 1183 419 lunae
1215 379 1355 431 singu-

108 443 202 483 laris
253 444 305 483 est
347 443 512 482 notanda
537 473 547 491 ‚
600 455 698 494 quae
732 443 967 483 Decembris
1007 442 1073 480 1⁷⁷³⁰
1105 443 1227 483 huius
1262 443 1357 484 anni

108 506 418 547 Wcrchoturiae
451 506 503 545 est
534 507 734 559 conspeetu
757 538 768 557 ,
818 506 933 545 cuius
967 506 1058 546 icon
1090 507 1144 547 est
1191 507 1355 548 adiee‘ta.

105 570 231 611 Porro
263 581 401 611 notatu
436 570 546 621 digni
582 570 672 610 sunt
704 570 868 623 quidam
913 570 1075 622 frigoris
1126 570 1355 622 insignioris

105 635 249 685 gradus
269 665 280 684 ‚
312 644 356 674 vt
394 639 495 680 238.
517 638 620 674 260.
651 643 692 673 et
742 634 861 674 vltra.
960 633 1072 674 Nam
1126 634 1356 677 Mercurius

106 699 239 737 omnis
272 699 311 736 in
346 696 514 737 bulbum
547 697 741 737 descendit
765 729 776 747 ,
810 696 905 737 licet
938 697 1083 738 diuifio
1116 698 1233 739 scalae
1264 698 1357 738 ess'et

110 764 211 800 260.
280 762 424 812 Frigus
459 761 534 802 hoc
569 760 878 801 intenfiffimum
914 770 1104 815 perpetua
1140 765 1251 802 tenui
1284 775 1358 802 ne-

103 822 194 864 bula
215 855 227 871 ,
257 824 364 877 quafi
397 827 486 865 affre
519 822 727 875 congelato
747 855 758 874 ‚
808 816 891 864 erat
924 826 1168 866 comitatum
1192 857 1203 878 ‚
1253 837 1358 880 quae>

104 886 246 928 nebula
278 889 450 929 omnino
484 887 757 929 memorabilis
809 889 874 928 est.
972 888 1094 930 Calor
1147 891 1358 931 maximus

104 949 249 992 harum
284 952 606 993 obseruationum
640 952 693 991 est
731 963 831 1000 109.
863 965 943 992 non
988 952 1152 1004 insignis
1266 954 1359 994 Huc

103 1016 229 1056 etiam
268 1016 468 1056 referenda
503 1027 743 1056 aurorarum
780 1015 1006 1056 borealium
1041 1017 1258 1070 frequentia
1290 1017 1359 1058 est.

105 1078 198 1120 Alia
230 1077 503 1132 phaenomena
537 1078 773 1121 notabiliora
806 1082 1068 1134 praeterimus
1090 1112 1101 1133 ,
1153 1089 1196 1121 et
1228 1080 1358 1125 lecto·

106 1154 194 1182 rem
228 1143 274 1183 ad
309 1143 404 1195 ipsas
435 1144 723 1183 obseruationes
753 1147 1014 1185 remittimus.

256 1226 524 1266 Remittimus
554 1238 715 1277 quoque
747 1228 794 1264 ad
826 1226 925 1276 ipsas
957 1227 1245 1267 obseruationes
1285 1240 1357 1283 pe·

110 1283 397 1335 tropolitanas,
446 1297 544 1338 quae
605 1289 735 1333 1761.
780 1291 897 1335 1762
932 1296 972 1326 et
1012 1293 1143 1338 1763.
1181 1291 1233 1331 ibi
1267 1294 1359 1334 sunt

103 1345 222 1385 {iustae
245 1378 256 1398 ,
309 1347 337 1387 fi
389 1350 500 1401 prius
553 1350 749 1401 sequentia
813 1351 1107 1393 monuerimus.
1208 1356 1356 1408 Frigus

105 1411 337 1450 maximum
373 1412 448 1451 fuit
491 1417 620 1460 1761.
655 1414 856 1464 graduum
898 1428 998 1464 193.
1034 1426 1072 1456 et
1091 1418 1201 1458 calor
1221 1421 1355 1461 maxi-

107 1484 196 1512 mus
229 1485 398 1522 2:105.
442 1481 576 1525 1762.
609 1477 734 1528 frigus
768 1478 996 1518 maximum
1022 1490 1191 1530 :195-
1217 1493 1257 1524 et
1288 1498 1355 1525 ca-

103 1534 166 1575 lor
200 1541 402 1578 maximus
460 1553 561 1588 109.
611 1541 662 1580 A.
720 1545 852 1589 1763.
922 1543 1066 1595 Frigus
1119 1547 1352 1588 maximum

103 1611 155 1637 z
178 1614 281 1650 204.
316 1601 438 1642 Calor
474 1603 678 1643 maximus
713 1617 767 1643 Ξ
790 1616 890 1646 100.

251 1700 356 1741 Item
409 1702 635 1743 avtitudines
688 1704 779 1745 Bar.
833 1708 1034 1747 maximae
1083 1718 1122 1748 et
1156 1707 1354 1750 minimae

107 1761 167 1803 his
216 1764 341 1804 tribus
390 1767 499 1806 annis
555 1773 686 1817 ¹761·
748 1774 865 1817 1762
902 1781 942 1810 et
981 1775 1113 1821 1763.
1151 1773 1260 1813 fuere
1294 1775 1352 1813 se-

103 1837 279 1881 quentes.
316 1829 372 1868 A.
403 1835 536 1877 1761.
559 1832 735 1872 maxima
760 1839 824 1874 28.
851 1844 906 1882 95
929 1844 970 1874 et
991 1837 1162 1877 minima
1187 1841 1258 1877 26.
1281 1842 1351 1884 85.

108 1895 238 1939 1762.
260 1894 435 1932 maxima
456 1908 588 1934 :ze
613 1908 686 1945 03.
714 1898 885 1938 minima
923 1908 1087 1947 27.10.
1131 1903 1183 1942 A.
1219 1905 1354 1950 1763,

104 1955 282 1996 maxima
315 1971 369 1998 :Z
393 1962 459 1997 28.
481 1970 548 2005 92.
591 1960 761 2000 minima
797 1965 866 2001 26.
892 1973 963 2010 53.

759 2101 837 2130 ez
1139 2118 1145 2122 -
1301 2092 1350 2138 In
