1856 2653
297 296 416 338 ital.

293 674 418 718 †g,g.

291 915 364 956 †lr.

457 186 550 237 426
709 181 1202 227 DESCRIPTIO
1253 184 1449 228 FVCL

454 307 548 334 rum
571 325 582 346 ,
633 295 793 349 papillis
839 296 984 336 comicis
1022 297 1236 338 obfitarnm
1261 329 1272 348 ‚
1307 295 1626 350 srztfflfic'antium
1657 294 1698 353 'f‘

455 358 626 400 Illarum
664 361 846 399 vndecim
880 360 966 399 sunt
987 390 998 410 ‚
1027 373 1049 400 a
1082 364 1252 401 dilatum
1285 360 1482 400 linearum
1516 361 1562 399 ad
1595 358 1698 399 duo-

453 434 549 461 rum
586 422 663 461 fere
695 424 891 475 pollicum
948 424 1242 475 longitudinem
1293 424 1550 473 accedentes,
1596 424 1700 462 'mte—

454 486 666 537 gerrimae.
766 487 924 526 Harum
955 488 1055 527 duae
1076 519 1086 538 ,
1141 487 1296 528 tenellis
1331 487 1461 526 multo
1497 486 1664 525 maiores
1685 515 1702 537 ,

454 558 532 588 tres
566 559 790 601 quatuorue
823 550 868 590 sc.
890 550 1066 603 'pollices
1100 550 1239 603 longae
1261 582 1272 603 ‚
1323 560 1364 589 et
1412 549 1515 589 circa
1567 544 1701 589 ma'xi'-

453 624 565 652 mam
601 614 776 665 ipsarum
813 614 1071 653 latitudinem
1107 628 1238 655 vnum
1275 613 1462 666 pollicem
1498 611 1624 663 latae,
1654 611 1703 652 ab

454 686 621 726 Vtraque
654 677 746 716 facie
772 678 922 731 papulis
955 675 982 733 †
1015 679 1158 718 conici‘s
1179 709 1191 729 ‚
1226 677 1413 730 plurimis
1434 706 1444 726 ‚
1477 675 1543 714 sub
1572 686 1701 726 angu-

453 739 495 779 lo
528 738 607 778 fere
642 740 752 779 resto
786 742 1100 794 prominentibus
1122 774 1132 793 ,
1167 742 1391 781 maximam
1427 747 1584 792 partem
1618 739 1701 777 im·-

453 801 661 856 pellucidis
695 812 734 842 et
767 804 812 842 ab
846 804 924 856 ipsa
956 800 1163 845 frondium
1196 803 1428 853 substantia,
1461 811 1602 854 vtpote
1637 810 1704 841 ra‘-

452 867 560 904 tlore
593 876 632 905 et
666 866 931 917 subpellucida
954 897 965 917 ,
995 866 1107 908 facile
1140 867 1422 916 distinguendis
1446 897 1456 916 ‚
1490 865 1702 919 praeditae.

451 928 653 969 Petiolum
687 930 821 968 versus
851 927 879 985 †
908 930 1101 970 rariffime
1135 940 1355 971 occurrunt
1388 930 1478 969 istae
1513 926 1700 981 papillae,

287 988 358 1033 †g.
381 1002 414 1033 g.
447 992 549 1032 circa
591 993 824 1031 inferiorem
879 1004 976 1034 vero
1025 994 1171 1034 frondis
1223 1003 1380 1047 partem
1431 988 1459 1046 1·
1509 992 1703 1032 omnium

291 1060 365 1100 ie.

291 1118 358 1159 †f.

293 1230 359 1272 'sf-

451 1056 631 1095 maxime
664 1056 856 1095 consecr-ae
890 1057 992 1096 sunt.
1054 1057 1204 1096 Differt
1235 1065 1368 1093 tamen
1401 1065 1480 1092 vna
1506 1051 1702 1107 †harum

450 1120 656 1159 frondium
689 1118 734 1157 ab
767 1117 889 1157 altera
921 1114 949 1172 †
988 1116 1027 1172 1)
1064 1117 1223 1172 papillis
1249 1115 1521 1167 longioribus,
1554 1114 1703 1157 lineam

455 1182 535 1222 fere
568 1182 855 1233 aequanthus·,
903 1181 1009 1220 inter
1041 1181 1076 1220 se
1110 1182 1197 1221 satis
1229 1178 1455 1233 aequalibus
1475 1209 1486 1229 ‚
1537 1187 1577 1218 et
1631 1190 1706 1234 pet

455 1256 620 1284 omnem
673 1243 759 1283 folii
790 1244 988 1284 ambitum
1021 1245 1235 1285 distributis
1259 1274 1272 1294 ‚
1322 1254 1417 1282 cum
1453 1242 1495 1282 in
1527 1241 1647 1282 altera
1678 1239 1711 1297 1·

455 1308 529 1345 vix
561 1306 773 1345 dimidiam
808 1306 952 1344 lineam
986 1308 1183 1357 attingant
1224 1306 1426 1346 maximae
1449 1334 1461 1354 ‚
1511 1306 1552 1344 in
1604 1307 1705 1346 infe·-

451 1369 559 1409 riore
593 1367 679 1409 folii
714 1376 824 1421 parte
876 1366 1025 1406 locatae
1047 1398 1058 1417 ‚
1092 1379 1251 1420 'eaeque
1305 1366 1460 1406 densius
1511 1367 1672 1420 stipatae
1692 1397 1706 1418 ,

458 1443 580 1486 quam
613 1431 654 1469 in
689 1429 889 1483 superiore
918 1425 965 1483 †‚
1001 1430 1041 1467 in
1075 1440 1152 1480 qua
1186 1430 1358 1481 parciori
1407 1441 1583 1469 numero
1630 1442 1705 1477 ex·

450 1484 555 1536 *stant
575 1487 599 1542 ‚⁴
635 1490 820 1545 leuesque
854 1500 1015 1532 tantum
1046 1492 1222 1531 referunt
1255 1500 1295 1531 et
1326 1492 1369 1530 in
1401 1502 1518 1542 rugas
1547 1488 1575 1546 †
1605 1504 1705 1545 qua-

455 1557 486 1598 fi
538 1551 780 1596 confluentes
829 1556 1150 1609 prominentiam,
1198 1552 1241 1609 2)
1286 1553 1436 1608 pundlis
1482 1554 1668 1596 minimis
1691 1585 1708 1606 ,

455 1619 647 1675 plurimis
669 1649 685 1669 ,
713 1619 1001 1660 obscurioribus
1021 1648 1033 1669 ‚
1073 1630 1174 1671 quae
1207 1629 1276 1672 per
1309 1617 1435 1671 ipsam
1468 1614 1554 1657 folii
1573 1648 1589 1668 ‚.
1634 1631 1706 1660 nec

451 1696 533 1724 non
571 1681 817 1736 papillarum
851 1682 1099 1723 substantiam
1132 1681 1224 1722 hinc
1255 1692 1295 1721 et
1339 1682 1430 1722 inde
1481 1682 1571 1721 sunt
1620 1682 1704 1722 disl-

452 1747 592 1800 persa3
635 1746 698 1786 his
731 1746 841 1785 enim
875 1744 998 1785 altera
1031 1743 1059 1801 †
1091 1747 1197 1786 frons
1231 1745 1392 1798 penitus
1424 1756 1555 1788 carere
1588 1746 1703 1785 vide-

452 1819 548 1859 tur3
589 1806 630 1857 3)
665 1809 845 1861 margine
879 1808 1178 1860 integerrimo,
1224 1809 1294 1862 qui
1327 1809 1369 1849 in
1411 1809 1534 1850 altera
1583 1811 1702 1850 Vnica

453 1863 594 1916 lacinia
624 1868 653 1926 †
681 1873 889 1924 grandiore
924 1872 1067 1912 incisus
1103 1873 1168 1913 est.
1252 1873 1396 1915 Forsan
1429 1881 1566 1915 autem
1605 1871 1703 1912 haec

455 1933 652 1988 inaequali
686 1936 834 1979 frondis
867 1936 1099 1980 siccescentis
1131 1937 1391 1982 contractioni
1428 1937 1542 1985 suam
1591 1935 1704 1977 debet

454 1999 670 2060 originem.⁴

1633 2062 1695 2104 Ita
