1856 2653
376 183 926 232 METEOROLOGICAE
978 186 1031 228 A.
1085 184 1217 240 17424
1318 201 1407 242 345

160 312 262 355 quae
294 300 540 355 pallidiffima
576 310 709 341 tamen
744 300 785 340 h.
823 313 893 340 11.
928 315 965 355 p.
999 314 1053 342 m.
1087 301 1249 355 spe&ari
1281 304 1409 345 adhuc

159 374 329 418 poterat.
396 365 585 407 Altitudo
615 366 694 406 bar.
729 373 813 404 erat
846 371 983 407 128.
1006 375 1079 414 05.
1107 375 1230 406 antec.
1256 377 1326 415 27.
1352 382 1410 415 90

156 429 319 482 sequens
355 437 514 475 2802.
580 429 729 481 Frigus
764 442 816 467 :-
842 436 895 469 18
929 440 967 478 5.
1002 438 1121 471 vente
1156 428 1254 471 N1.
1304 430 1411 471 Coe-

158 491 248 532 lum
280 494 358 534 fere
386 496 567 536 serenum
589 525 599 545 ‚
634 493 717 532 siue
749 493 946 547 vaporoso
979 494 1174 535 serenum.

309 571 506 612 Hastenus
557 571 604 611 de
655 571 992 613 obseruationibus
1036 570 1410 615 Werchoturienfi-

155 635 255 685 bus,
306 648 405 688 quae
455 638 546 677 sunt
594 635 797 676 institutae
849 636 888 676 in
925 636 1135 679 altitudine
1168 639 1214 682 σὲ
1249 636 1408 676 circiter

154 700 398 751 orgyiarum
433 712 454 740 a
489 698 619 741 media
652 700 863 753 superficie
897 713 1093 755 aquarum
1142 700 1277 740 Turae
1327 699 1410 740 flu-

155 763 214 802 uii
238 794 248 813 ,
296 765 424 817 qualis
457 764 594 804 aestate
629 763 702 803 esse
735 764 846 805 solet.
926 764 1121 804 Altitudo
1154 762 1300 803 scilicet
1334 762 1410 804 soli

152 832 246 867 :6
278 829 518 880 orgyiarum
553 837 593 866 et
626 826 798 867 altitudo
828 828 972 867 domus
1022 832 1102 875 Σὲ
1151 838 1238 880 org.
1291 827 1410 882 supra

152 890 284 931 solum
308 922 320 943 ‚
353 892 421 932 vbi
451 891 728 931 baromctrum
761 899 845 931 erat
879 890 1118 947 suspensum.

303 974 542 1017 Notandum
576 974 704 1017 adhuc
734 977 788 1017 est
820 977 907 1031 post
937 975 1045 1018 diem
1084 981 1121 1018 8.
1162 975 1289 1029 frIgus
1342 976 1409 1016 in-

152 1038 418 1080 tenfiffimum
451 1041 694 1093 sequuntum
725 1041 799 1080 essb
832 1051 1024 1095 perpetua
1074 1042 1184 1081 tenui
1233 1038 1375 1080 nebula
1396 1068 1409 1090 ‚

153 1103 263 1155 quasi
297 1105 388 1142 aare
424 1103 556 1152 gelato
588 1105 842 1141 comitatum.
928 1105 1166 1144 Maximum
1197 1104 1307 1145 fuiffe
1340 1103 1410 1143 vi-

151 1167 268 1206 detur
318 1165 454 1206 dicbus
511 1178 564 1204 12
619 1175 660 1206 et
716 1177 788 1213 13.
835 1165 889 1206 D.
929 1180 998 1206 12.
1031 1167 1157 1219 frigus
1193 1171 1349 1215 :238
1386 1177 1409 1206 a

155 1230 325 1272 meridie
357 1230 404 1269 ad
436 1228 477 1267 h.
513 1242 551 1277 4.
591 1230 633 1268 in
666 1229 810 1269 Koswa
846 1239 948 1282 pago
992 1230 1046 1270 est
1097 1238 1317 1280 notatum,
1368 1237 1409 1268 et

153 1295 191 1335 d.
232 1305 300 1341 13.
336 1292 470 1332 omnis
524 1292 756 1333 Mercurius
807 1291 849 1330 in
901 1292 1069 1331 bulbum
1121 1292 1410 1333 thermometri

154 1355 348 1398 descendit
372 1385 382 1405 ‚
412 1354 508 1393 licet
546 1354 692 1394 diuisio
736 1356 820 1392 260
874 1355 1077 1404 graduum
1128 1355 1251 1406 effet,
1301 1354 1409 1409 quod

151 1421 195 1462 in
226 1430 328 1475 pago
361 1417 607 1459 Tschikman
642 1417 695 1455 est
732 1417 1000 1458 obseruatum.
1101 1419 1165 1460 Ob
1215 1429 1406 1471 magnam

150 1485 254 1524 aiii-is
288 1483 448 1534 copiam
484 1479 628 1531 insigni
663 1478 738 1519 hoc
767 1479 912 1531 frigore
955 1482 997 1520 in
1048 1480 1169 1522 bulbo
1222 1482 1408 1522 thermo-

155 1547 279 1588 metri
337 1544 548 1586 collectam
594 1541 768 1585 altitudo
819 1554 915 1585 vera
959 1543 1218 1598 aliquantum
1267 1544 1406 1587 minor

153 1611 263 1652 fuisse
296 1610 466 1650 videtur.

304 1693 604 1736 Obseruationes
656 1691 872 1737 Solikamii
922 1694 1042 1739 fastae
1080 1696 1282 1753 incipiunt
1315 1706 1337 1737 a
1369 1697 1407 1737 d.

161 1767 230 1808 17.
264 1766 303 1799 et
337 1758 531 1799 finiuntur
564 1771 661 1800 cum
696 1759 777 1801 fine
810 1760 966 1802 mensis.

303 1846 496 1887 Altitudo
545 1847 728 1888 maxima
759 1847 837 1888 bar.
872 1844 1087 1890 Solikamii
1120 1857 1152 1886 a.
1189 1845 1226 1886 d.
1268 1854 1323 1895 17
1359 1845 1407 1885 ad

159 1907 286 1949 finem
341 1909 482 1959 mensis
530 1911 607 1951 fuit
657 1921 802 1962 327.
825 1923 901 1962 73.
934 1914 971 1954 d.
1011 1924 1082 1950 22.
1117 1908 1158 1950 h,
1199 1922 1253 1948 12
1289 1908 1418 1949 noete.

154 1973 304 2024 stigore
344 1986 444 2023 193.
479 1974 590 2016 coelo
623 1975 767 2017 sereno.
833 1977 956 2017 Venti
991 1976 1041 2016 in
1067 1973 1131 2015 his
1163 1972 1406 2015 obseruatio-

155 2037 270 2077 nibus
302 2050 381 2077 non
415 2039 503 2079 sunt
534 2039 763 2092 consignati.

220 2101 731 2147 Tom.XI.N0u.C0mm.
939 2105 984 2146 X
1001 2115 1030 2146 x
1274 2099 1409 2142 Mini-
