1856 2653
567 201 682 252 *4223
714 203 729 250 )
763 213 790 242 0
826 198 841 255 (
873 200 987 251 ἓὲέο·
1304 214 1391 255 557

423 311 1114 356 OBSERVATIONES

148 402 210 459 A
243 401 664 471 LIQVOT
761 402 1388 463 COELESTES

220 497 366 540 ANN.
392 503 507 548 1765
531 498 607 541 ET
632 502 766 547 1766.
788 497 1008 541 L1P51AE
1036 499 1315 541 HABITAE.

633 628 919 671 Auctore

477 739 528 783 G.
596 737 1053 783 HEINSIO.

149 862 443 926 Tranfitus
488 863 647 920 lunae
691 882 792 943 per
833 860 1077 921 Pleiades
1095 880 1181 920 an.
1214 864 1379 938 1765.

231 946 285 1006 d.
333 971 407 1024 13.
453 947 571 1006 Iulii
613 945 739 1025 styl.
787 966 920 1005 nov.
950 960 1129 1030 temp.
1152 947 1301 1005 ciuil.

517 1030 666 1088 horis
710 1033 1019 1089 matutinis·

142 1178 284 1293 Post
318 1190 458 1233 horam
490 1190 696 1233 secundam
734 1191 977 1233 matutinam
1001 1223 1012 1243 ‚
1060 1190 1175 1232 coelo
1227 1191 1394 1243 sereno,

256 1254 395 1296 lunam
439 1256 487 1296 ad
522 1254 688 1296 culmen
721 1255 893 1296 aedificii
923 1256 1096 1310 oppositi
1134 1256 1174 1295 in
1208 1255 1394 1297 orientali

143 1317 246 1359 coeli
298 1318 414 1373 plaga
464 1318 508 1359 in
556 1319 812 1372 conspectum
865 1332 1007 1360 meum
1056 1319 1287 1360 venientem
1323 1330 1394 1371 pet

141 1382 309 1422 Tubum
343 1383 657 1423 astronomicum
694 1393 733 1428 3.
778 1383 864 1431 ped.
915 1381 1047 1421 statim
1097 1381 1395 1434 contemplatus

138 1445 263 1495 sum,
310 1453 358 1482 vt
407 1444 531 1482 situm
587 1440 674 1480 eius
707 1442 811 1480 inter
845 1440 1018 1481 Pleiades
1049 1443 1266 1483 diiudicare
1300 1458 1395 1498 pos·

142 1510 241 1550 sem.
307 1506 447 1557 Luna,
479 1502 588 1545 vltra
624 1514 702 1544 tres
733 1504 813 1544 dies
849 1504 1147 1560 Quadratutam
1181 1506 1392 1549 secundam

141 1569 375 1623 transgressa
397 1599 409 1620 ‚
464 1566 604 1622 phasin
650 1563 943 1610 corniculatam
992 1568 1200 1611 exhibebat
1219 1601 1230 1619 ‚
1280 1581 1392 1623 parte

141 1635 230 1675 eius
277 1646 357 1674 non
407 1631 638 1673 illuminata
690 1630 848 1673 lumine
880 1633 997 1674 debili
1030 1634 1153 1675 etiam
1187 1633 1389 1677 instructa.

141 1696 402 1752 Deprehendi
456 1705 593 1737 autem
645 1696 787 1737 lunam
832 1696 936 1738 circa
987 1701 1033 1749 εξ
1081 1697 1168 1738 hor.
1206 1701 1390 1751 margine

140 1763 209 1805 sua
243 1761 374 1804 lucida
407 1760 449 1800 in
482 1760 632 1802 vicinia
667 1760 830 1802 Lucidae
862 1759 1088 1813 Pleiadum,
1118 1761 1175 1801 ita
1196 1792 1208 1812 ‚
1241 1770 1289 1802 vt
1321 1774 1390 1804 oc-

140 1824 406 1882 cultatio-nem
438 1824 524 1865 eius
552 1825 600 1866 ad
631 1824 808 1866 limbum
841 1823 1027 1866 lucidum
1059 1828 1238 1867 futuram
1266 1826 1392 1880 suspi-

139 1902 283 1942 carer3
317 1889 412 1930 licet
443 1899 612 1931 euentus
641 1888 855 1930 tranfitum
890 1890 1176 1932 tantummodo
1217 1891 1390 1943 propin-

140 1967 273 2010 quum
323 1953 515 1995 docuerit.
608 1954 808 2007 Egregius
855 1962 941 1994 erat
990 1952 1106 1995 lunae
1155 1965 1248 1996 cum
1296 1953 1390 1996 fixis

140 2016 353 2063 Pleiadum
386 2019 611 2077 praecipuis
640 2018 840 2074 adspectus
873 2029 945 2071 pet
983 2018 1140 2063 distum
1189 2017 1356 2060 Tubum
1377 2050 1390 2072 ,

709 2083 841 2128 Λευ
876 2093 902 2134 a
1242 2094 1391 2138 quam-
