1856 2653
302 177 1150 224 DESCRIPTIONLS.
1269 197 1360 236 419

115 291 204 345 pius
239 292 333 333 adeo
365 294 509 333 leuiter
543 293 790 343 adglutimta
825 294 877 333 cst
912 294 1072 346 corpori
1110 294 1175 333 issa
1210 295 1326 336 fiir-ina
1350 327 1361 348 ,

114 364 161 394 vt
193 355 257 396 vel
293 357 422 407 digito
454 369 540 398 cam
575 357 788 408 abstergere
819 357 945 409 postis.

261 433 550 484 Sem-abacum,
603 444 648 472 vt
700 435 871 475 wicum
923 443 1084 474 tantum
1118 435 1360 488 exemplum

101 495 304 547 proferam
329 529 340 548 ,
376 499 414 537 iu
449 497 609 538 Duczltu
649 497 1022 549 wurtembergensi
1046 530 1056 548 ‚
1093 499 1220 538 Patria
1257 510 1361 548 mea,

102 559 441 611 eopiofiffimum,
474 571 514 600 et
549 563 744 603 Rofiunm
781 561 896 601 flores
928 564 1140 615 praecipue
1175 565 1359 614 frequen-

99 629 254 661 tantem
308 625 422 674 vidi,
473 626 586 664 cuius
635 633 773 665 totum
825 636 917 663 vere
972 638 1118 678 <orpus
1153 626 1275 664 farina
1308 634 1359 662 cx

96 685 348 728 viridesccnti
368 711 384 716 -
406 698 587 740 argentea
641 699 723 728 erat
775 689 996 728 obductum
1020 720 1032 739 ‚
1078 700 1182 744 quat
1213 685 1356 726 scnslm

90 747 313 803 senfimque
357 752 558 805 deperdita
582 783 592 803 ‚
640 760 763 805 caput
798 762 837 792 et
872 752 1018 791 thorax
1050 752 1211 791 obscure
1247 750 1352 788 viri-

88 811 129 851 di
157 841 168 861 ,
201 814 361 854 ‘nitente
383 846 393 864 ‚
443 815 572 866 ely-tra
605 826 704 855 vero
737 815 913 854 castaneo
945 813 1078 854 colore
1099 845 1111 865 ‚
1136 823 1140 827 ’
1164 823 1354 867 tanquam

88 878 266 916 naturali
300 888 340 916 et
375 876 655 926 immutabili,
691 877 843 917 imbuta
877 877 1225 929 conspt'ciebantur.
1265 875 1354 916 Nec

92 948 186 979 tato
221 951 304 980 vno
337 937 558 993 eodemque
591 940 650 978 die
684 939 864 994 plurima
896 941 1108 994 Vtriusque
1146 939 1354 980 varietatis

94 1000 281 1054 exempla
317 1002 421 1042 mihi
453 1005 715 1044 obuenerunt.
791 1005 982 1045 Fucatam
1015 1006 1137 1044 ctiam
1159 1035 1170 1055 ‚
1219 1003 1354 1042 deter-

98 1065 228 1114 gendo
277 1065 442 1104 farinam
469 1097 479 1115 ‚
531 1068 570 1105 in
596 1065 787 1119 >alteram
833 1065 1041 1118 extemplo
1072 1069 1354 1107 transformare

97 1126 228 1179 potui.
311 1127 385 1168 Sed
438 1128 642 1167 redeamus
684 1129 728 1168 ad
762 1139 885 1178 rem,
935 1129 1037 1169 circa
1072 1142 1195 1185 quam
1229 1141 1351 1169 omne

96 1189 251 1230 solnant
285 1189 456 1230 dubium
492 1191 541 1241 ii,
572 1189 715 1243 quibus
750 1191 897 1231 Infesta
950 1191 1088 1232 haecce
1138 1191 1350 1233 vastiffima

96 1252 139 1291 in
176 1252 306 1306 patrio
339 1253 421 1295 solo
442 1283 453 1304 ‚
486 1255 678 1294 Amerina
715 1266 858 1307 nempe
890 1253 1180 1305 meridionali,
1214 1254 1349 1294 videre

93 1315 311 1366 continget.
375 1315 478 1357 Sunt
512 1317 699 1368 equidem
724 1347 736 1365 ‚
776 1328 872 1367 quas
906 1317 1022 1369 supra
1055 1317 1128 1355 feci
1149 1347 1161 1367 ‚
1213 1328 1348 1356 merae

90 1377 373 1428 coniecturae,
421 1389 553 1430 quae,
594 1377 686 1417 'siue
738 1377 786 1416 iis
836 1389 922 1418 rem
973 1379 1214 1430 tetigerim,
1264 1379 1347 1419 fiue

94 1453 174 1481 non
199 1471 210 1490 ,
259 1439 360 1481 alios
402 1440 542 1481 saltem
573 1440 619 1479 ad
653 1438 893 1480 vlteriorem
928 1441 1248 1495 disquifitioncm
1281 1444 1346 1482 iu-

92 1503 288 1544 vitabunt.

244 1587 420 1628 Transeo
451 1598 556 1628 nunc
589 1586 636 1626 ad
669 1598 712 1626 ea
732 1618 744 1638 ‚
789 1598 889 1640 quae
931 1587 1075 1641 cuique
1126 1573 1342 1641 pecu'liaria

92 1651 212 1692 sunt:
243 1650 405 1704 Septem
432 1652 546 1692 enim
578 1649 701 1690 huius
730 1651 872 1703 speciei
906 1651 1112 1692 indiuidua
1145 1663 1224 1693 non
1258 1652 1340 1692 mi-

90 1727 234 1756 norem
255 1745 267 1765 ,
305 1728 346 1755 ac
378 1715 508 1767 prima
537 1715 678 1768 species
699 1746 711 1768 ‚
747 1715 788 1754 ‘m
823 1716 1122 1766 magnitudine,
1155 1726 1196 1755 et
1228 1715 1342 1770 capi-¹

88 1779 142 1818 tis
175 1791 299 1818 cornu
333 1780 461 1821 forma
493 1779 746 1835 potiffimum
767 1808 779 1828 ‚
813 1779 988 1819 offerunt
1020 1777 1306 1819 differentiam:

236 1870 389 1911 Primus
435 1879 476 1911 et
525 1871 728 1911 maximus
777 1870 969 1910 omnium
991 1901 1002 1920 ‚
1051 1867 1333 1910 Roeselianum

90 1933 222 1975 adhuc
254 1935 436 1987 superans
457 1964 468 1985 ,
516 1946 536 1974 a
587 1933 760 1974 thoracis
810 1946 932 1974 cornu
984 1933 1238 1973 extremitate
1287 1931 1333 1971 ad

83 1997 283 2053 posticum
329 1998 506 2052 corporis
538 1998 740 2040 ambitum
764 2028 775 2047 ‚
831 2008 852 2045 5
892 1995 993 2053 poll.
1035 2007 1088 2036 ιο
1123 1995 1196 2036 lin.
1231 1994 1324 2034 lon-

652 2059 780 2115 Ggg
818 2072 842 2099 2
1231 2069 1336 2111 gus÷
