1856 2653
470 257 531 294 16
762 260 768 264 ’
910 255 960 297 D
993 255 1031 297 E
1092 254 1134 296 V
1166 251 1193 299 S
1225 254 1266 296 V

466 384 507 417 et
532 383 562 431 p
581 359 705 428 ΞΕ
725 407 736 428 ,
769 387 868 431 quae
900 378 1083 431 aeqnatio
1114 375 1240 431 primi
1275 373 1418 427 gradus
1450 371 1720 418 differentialis

468 449 671 491 vocatur,
703 441 887 494 pluribus
920 442 1087 496 quidem
1121 440 1266 480 casibus
1298 440 1514 491 integratio
1540 442 1730 491 succedit3

467 503 525 544 sin
559 513 696 544 autem
729 516 775 544 ea
807 504 949 545 relatio
979 505 1140 557 insuper
1174 504 1441 556 quantitatem
1475 514 1500 556 q
1526 505 1726 555 inuoluat,

469 571 653 620 aequatio
686 577 855 608 vocatur
890 568 1160 608 differentialis
1195 567 1352 606 secundi
1386 568 1554 617 gradus,
1586 568 1723 620 dupli·

469 631 583 683 cique
613 631 878 681 integratione
911 642 1012 684 opus
1044 631 1119 681 est,
1153 638 1368 683 antequam
1402 631 1449 669 ad
1468 628 1725 671 desideratam

475 693 715 734 relationem
750 694 855 733 inter
885 705 913 733 x
945 703 984 733 et
1012 706 1046 744 y
1065 724 1075 744 ,
1128 694 1231 733 vnde
1270 693 1374 732 ratio
1408 693 1516 732 istius
1552 693 1724 734 functio-

472 757 534 797 nis
555 770 586 806 y
628 757 842 796 innotescat
864 787 875 806 ,
924 758 1191 810 perueniatur.
1245 757 1320 796 Hic
1355 756 1491 796 multo
1523 759 1726 809 pauciores

471 821 563 860 sunt
597 820 733 869 casus,
766 822 909 873 quibus
941 824 989 862 ad
1030 820 1194 872 scopum
1238 819 1465 871 pertingere
1507 819 1631 871 licet3
1675 820 1725 860 fi-

474 883 643 935 mulque
678 892 785 936 patet
807 915 817 935 ‚
858 883 955 937 quid
995 883 1042 922 de
1074 883 1371 936 aequationibus
1404 882 1729 925 differentialibus

472 946 583 990 tertii
618 945 892 1001 altiorumque
927 946 1122 991 ordinum
1164 946 1214 988 fit
1243 946 1513 990 iudicandum.

642 1099 715 1136 14.
751 1086 914 1129 Verum
948 1087 1052 1129 circa
1085 1086 1156 1128 has
1186 1087 1484 1140 integrationes,
1501 1097 1601 1139 quae
1635 1084 1727 1125 fun-
1784 1083 1787 1085 ’

470 1147 670 1188 &ionibus
704 1152 826 1190 vnius
860 1161 1020 1191 tantum
1062 1150 1263 1191 variabilis
1289 1150 1565 1200 inuestigandis
1606 1149 1728 1188 inser-

475 1211 612 1260 viunt,
631 1210 843 1261 fingularis
876 1213 1068 1264 quaedam
1104 1212 1283 1260 affectio,
1315 1224 1396 1264 qua
1431 1212 1540 1249 istius
1567 1210 1731 1249 metho-

474 1273 518 1315 di
551 1273 760 1324 praecipua
794 1273 943 1312 indoles
970 1273 1215 1320 continetur,
1236 1273 1356 1323 probe
1390 1274 1444 1312 est
1486 1273 1732 1312 obieruanda.

475 1334 652 1377 Affectio
682 1342 822 1374 autem
857 1335 925 1374 ista
956 1334 997 1373 in
1033 1332 1110 1373 hoc
1156 1333 1330 1373 consistit
1352 1363 1363 1383 ‚
1410 1334 1518 1386 quod
1552 1336 1732 1388 aequatio

479 1398 676 1449 integrata
711 1397 864 1451 semper
896 1409 1048 1438 nouam
1083 1397 1281 1450 quan-dam
1322 1397 1562 1437 constantem
1604 1410 1731 1450 quan-

477 1461 638 1502 titatem
671 1462 863 1514 recipiat⁷
898 1465 1012 1502 cuius
1043 1461 1085 1498 in
1120 1460 1353 1513 aequatione
1392 1460 1644 1500 differentiali
1685 1473 1732 1500 ne

480 1524 699 1575 vestigium
730 1533 891 1576 apparet
913 1555 923 1574 ‚
975 1523 1155 1574 hancque
1192 1524 1456 1575 quantitatem
1489 1524 1732 1564 constantem

478 1586 641 1642 prorsus
674 1587 839 1628 arbitrio
872 1587 1004 1628 nostro
1038 1585 1224 1639 relinqui.
1291 1586 1353 1626 Ita
1385 1585 1415 1626 ss
1450 1585 1636 1628 habeatur
1667 1587 1736 1628 ista

482 1658 666 1712 aequatio
685 1658 954 1699 differentialis
972 1644 1023 1711 “J—2
1031 1672 1063 1697 z
1076 1673 1099 1697 2
1111 1673 1135 1698 a
1147 1665 1218 1703 x÷
1228 1656 1266 1706 b,
1284 1658 1347 1697 seu
1365 1659 1394 1698 d
1396 1673 1416 1705 y
1425 1670 1456 1697 :
1468 1672 1490 1697 2
1501 1656 1734 1710 axdr4bdx,

483 1723 549 1762 vbi
585 1720 750 1774 quidem
785 1721 941 1764 litterae
969 1735 996 1762 a
1029 1732 1068 1762 et
1099 1721 1123 1761 b
1156 1722 1345 1761 denotant
1378 1722 1617 1775 quantitates
1640 1734 1736 1761 con-

479 1785 624 1828 stantes
654 1785 760 1824 datas
780 1816 791 1835 ,
825 1785 1009 1838 aequatio
1043 1784 1246 1835 integralis
1287 1785 1331 1823 in
1363 1786 1479 1825 omni
1512 1783 1737 1825 extenfione

480 1849 537 1889 ita
555 1848 591 1887 se
610 1847 742 1888 habet:
763 1839 1177 1899 yzaxx-issbx4
1193 1847 1250 1897 C,
1268 1849 1335 1889 vbi
1361 1847 1396 1890 C
1417 1848 1592 1900 defignat
1609 1860 1734 1899 quan-

481 1911 643 1954 titate-m
675 1912 917 1952 constantem
947 1923 969 1951 a
1003 1911 1318 1965 praecedentibus
1352 1911 1525 1952 minime
1565 1912 1736 1965 penden-

483 1983 599 2025 tem,
632 1983 672 2013 et
704 1975 819 2015 cuius
852 1975 967 2015 valor
1001 1976 1159 2029 penitus
1190 1975 1358 2015 arbitrio
1391 1976 1523 2016 nostro
1540 1974 1737 2028 relinqui-

486 2047 572 2089 tur,
591 2049 718 2090 neque
752 2038 968 2090 integratio
998 2039 1238 2087 cuiusquam
1269 2040 1516 2091 aequationis
1552 2038 1737 2078 differen-

489 2100 594 2145 tialis
626 2113 704 2155 pro
735 2100 934 2154 completa
966 2111 1005 2141 et
1039 2102 1208 2155 perseeta
1235 2102 1289 2141 est
1324 2101 1496 2142 habenda
1516 2131 1528 2151 ‚
1560 2101 1632 2142 nifi
1659 2100 1738 2141 hu-

486 2165 671 2208 iusmodi
721 2166 921 2221 quantitas
965 2167 1137 2208 constans
1184 2164 1392 2205 arbitraria
1441 2166 1560 2206 fuerit
1611 2165 1739 2217 intro-

1604 2228 1733 2269 dueta.
