1856 2653
497 222 583 262 232
840 247 842 249 »
900 207 1014 262 ⁸⁰0&ss
1047 208 1063 263 )
1097 218 1124 247 0
1162 203 1175 265 (
1206 204 1321 258 &03⁴⁰

1059 324 1177 369 DE

497 415 865 478 MOTV
949 415 1746 478 FLVIDORVM

530 525 570 565 A
622 521 995 569 DIVERSO
1047 521 1391 567 CALORIS
1440 521 1717 567 GRADV

933 586 1322 631 ORIVNDO.

983 717 1267 759 Auctore

874 827 920 869 L.
987 829 1378 872 EVLERO.

1117 969 1158 996 1.

510 1035 620 1148 A
649 1039 780 1083 calore
817 1043 857 1082 in
889 1041 1023 1083 fluidis
1056 1052 1213 1083 certum
1249 1045 1448 1096 quendam
1484 1051 1647 1083 motum
1698 1042 1764 1082 in·

654 1107 841 1146 testinnm
877 1107 1056 1158 generari
1081 1136 1092 1156 ‚
1137 1119 1158 1145 a
1190 1118 1352 1146 naturae
1375 1108 1654 1148 scrutatoribus
1678 1105 1767 1145 stitis

512 1171 707 1228 probabili
742 1170 894 1209 ratione
924 1169 1070 1210 ostendi
1107 1167 1235 1219 solet3
1277 1181 1371 1209 cum
1405 1180 1541 1209 autem
1574 1169 1639 1210 hic
1674 1181 1767 1209 mo-

513 1247 578 1277 tus
609 1237 650 1275 in
678 1235 861 1273 minimis
895 1243 1053 1272 tantum
1087 1233 1295 1273 elementis
1327 1234 1498 1275 subfissat
1524 1264 1535 1285 ,
1568 1245 1695 1287 neque
1726 1233 1769 1272 in

512 1299 695 1341 vniuerih
731 1296 846 1336 fluidi
884 1296 999 1335 maffa
1033 1306 1220 1335 cernatur
1242 1327 1252 1347 ,
1302 1297 1385 1337 eius
1420 1299 1524 1338 ratio
1553 1299 1594 1338 in
1631 1296 1770 1338 Theo-

515 1364 574 1404 ria
611 1369 748 1402 motus
782 1359 1003 1400 fluidorum
1038 1359 1273 1411 neutiquam
1309 1358 1477 1400 habttur
1501 1392 1511 1412 ,
1552 1362 1612 1402 sed
1649 1360 1772 1400 fluida

517 1427 632 1470 omni
670 1433 784 1465 motu
820 1424 859 1461 in
894 1423 1022 1462 sensus
1060 1423 1288 1462 incurrente
1318 1424 1503 1464 deffinita
1546 1424 1585 1463 in
1633 1423 1770 1477 aequi-

519 1492 640 1533 librio
673 1489 815 1528 versari
852 1487 1054 1525 censentur
1077 1516 1087 1535 ‚
1125 1486 1279 1525 etiamsi
1314 1488 1508 1527 minimae
1542 1487 1776 1540 particulae,

520 1555 664 1610 quibus
694 1553 784 1592 sunt
815 1548 1034 1603 composita
1059 1579 1070 1599 ‚
1122 1561 1239 1589 motu
1290 1562 1528 1604 quocunque
1578 1551 1682 1591 inter
1739 1550 1777 1591 se

522 1620 740 1671 agitentur.
825 1614 967 1666 Neque
1002 1625 1098 1664 ego
1133 1613 1198 1653 hic
1229 1613 1276 1652 de
1309 1625 1424 1656 motu
1462 1614 1538 1655 illo
1569 1615 1778 1665 intestino,

525 1684 596 1738 qui
638 1681 860 1721 fluidorum
913 1677 1121 1717 elementis
1173 1691 1193 1717 a
1245 1675 1374 1718 calore
1426 1679 1663 1732 inducitur,
1712 1676 1780 1719 hic

525 1749 612 1789 sum
646 1745 805 1785 aeturus
829 1774 839 1792 ‚
872 1743 931 1782 sed
968 1740 1218 1782 Mechanicae
1255 1743 1461 1796 principiis
1493 1742 1703 1784 inhaerens
1736 1744 1778 1782 in

527 1823 593 1851 eos
629 1809 851 1848 finium-nm
888 1816 1025 1847 motus
1058 1807 1147 1845 sum
1181 1805 1444 1858 inquisiturus
1466 1838 1477 1857 ‚
1526 1808 1596 1861 qui
1632 1809 1673 1847 in
1707 1819 1778 1846 eo-

528 1888 624 1915 rnm
659 1882 741 1911 tot-ii
778 1870 888 1911 moie
923 1884 943 1910 a
978 1870 1134 1911 diuerso
1168 1869 1309 1910 caloris
1359 1874 1481 1924 gradu
1504 1901 1515 1921 ‚
1566 1883 1647 1925 quo
1693 1871 1781 1909 eius

532 1949 665 1993 partes
699 1938 787 1975 sunt
821 1935 975 1974 afa-{stae
999 1965 1010 1985 ‚
1057 1926 1220 1988 produci
1269 1935 1391 1978 debet.
1486 1935 1596 1990 Quae
1645 1943 1782 1975 motus

533 2004 642 2044 caui&¹
676 2012 770 2038 cum
807 1999 877 2038 vix
911 1997 1038 2038 adhuc
1070 1998 1118 2039 sit
1155 1999 1312 2050 cognita
1336 2031 1347 2048 ‚
1396 1998 1552 2040 tametsi
1601 1998 1783 2052 plurima

536 2068 812 2123 phaenomena
847 2064 937 2103 inde
971 2063 1172 2116 originem
1205 2064 1317 2104 suam
1353 2055 1519 2105 trahunt
1540 2095 1551 2116 ‚
1598 2063 1682 2102 eius
1717 2075 1783 2102 ac-

1610 2127 1782 2168 curatio!
