1856 2653
438 160 531 206 438
681 151 1440 198 AVESINDICAE.

437 266 629 320 plurimis
661 269 886 308 transuersis
921 268 1013 308 albis
1048 276 1201 308 notatae
1224 299 1235 320 ,
1267 266 1346 307 illis
1377 262 1607 315 breuiores,
1638 275 1681 307 et

436 331 540 370 inter
574 332 609 370 se
631 362 641 381 ‚
684 344 754 383 per
796 334 901 385 pai-Ea
924 363 933 381 ‚
983 330 1193 381 longiores.
1275 330 1389 372 Pedes
1411 360 1422 378 ‚
1470 326 1605 368 habito
1633 330 1681 377 ad

436 394 521 433 auis
556 395 874 444 magnitudinem
909 395 1084 448 rei'pet‘iu
1108 426 1118 445 ‚
1169 396 1282 447 parui
1318 392 1532 432 admodum
1553 419 1563 437 ,
1609 401 1683 444 et,

438 457 543 510 quod
579 460 757 497 maxime
789 458 982 509 singulare
1007 490 1017 508 ,
1052 460 1235 510 picorum
1270 459 1428 512 pedibus
1462 452 1682 502 simillimi:

438 521 554 559 tibiae
585 522 632 560 sc,
668 522 874 572 pei-breues
896 553 908 572 ‚
942 522 1127 575 pennuliS
1161 523 1285 573 nigris
1306 551 1317 570 ,
1359 522 1404 560 ad
1439 519 1571 557 imum
1605 519 1683 559 fiere

437 595 560 635 vsque
582 614 593 633 ,
626 585 818 636 vestitae3
852 584 967 637 digiti
1000 596 1133 625 tennes
1154 617 1165 636 ‚
1200 585 1400 637 vnguibus
1433 581 1616 622 breuibus
1640 591 1683 628 ,et

439 646 595 686 modice
646 649 824 687 incuruis
877 649 1061 699 muniti,
1107 652 1188 690 duo
1238 649 1389 697 antici,
1442 646 1685 697 totidemque

438 710 588 763 postici.
672 710 742 750 Illi
792 725 813 750 a
863 713 938 752 basi
988 716 1035 755 ad
1069 715 1165 754 duas
1199 725 1324 765 Vsque
1357 710 1478 750 lineas
1513 711 1615 748 inter
1648 709 1684 748 se

437 772 636 822 concreti,
670 775 869 813 exteriore
902 777 1133 816 interiorem
1169 775 1421 827 longitudine
1455 784 1599 827 parum
1620 772 1689 811 su*

440 845 631 889 perante5
666 835 710 875 hi
746 849 844 877 vero
878 838 1044 878 distincti
1067 869 1078 886 ,
1110 838 1193 877 illis
1226 839 1450 879 breuiores:
1492 835 1689 879 exteriore

442 899 595 938 maiore
614 927 626 949 ,
659 898 896 941 interiorem
930 901 1158 943 notabiliter
1187 904 1405 943 excedente.

951 1022 1177 1082 *ae-²¹⁶

243 1249 426 1346 {33}ng-
447 1244 622 1302 Loxicz
662 1255 779 1303 atra
799 1263 817 1320 3
860 1247 1151 1323 vropygio
1194 1244 1355 1305 flauo.

809 1388 854 1429 D
879 1388 916 1428 E
935 1387 961 1428 s
981 1388 1015 1428 c
1035 1390 1072 1429 R
1091 1389 1113 1428 1
1131 1390 1162 1428 P
1180 1391 1218 1428 T
1240 1390 1262 1429 1
1280 1391 1331 1432 ο.

593 1462 876 1513 Magnitudine
928 1463 1103 1504 Loxiam
1154 1465 1419 1517 curuircstram
1457 1466 1538 1506 fere
1575 1479 1693 1517 exne,-

443 1530 550 1576 quat.
614 1527 806 1567 Rostrum
839 1526 1028 1579 aequale:
1064 1527 1293 1570 mandibula
1327 1530 1528 1583 superiore
1562 1533 1694 1584 nigri-

440 1596 551 1627 cante
577 1581 602 1639 ,⁵
620 1590 805 1631 inferiore
834 1591 987 1631 sordide
1019 1590 1221 1632 albicante.
1308 1592 1440 1646 Caput
1460 1624 1471 1644 ‚
1503 1594 1658 1636 collum
1679 1627 1692 1648 ,

443 1650 548 1690 dorfi
582 1654 761 1694 maxima
794 1665 916 1708 eaque
948 1656 1121 1695 anterior
1175 1667 1264 1709 pars
1283 1688 1294 1708 ‚
1343 1656 1438 1708 gula
1459 1689 1470 1709 ‚
1521 1659 1693 1712 pectus,

445 1714 641 1755 abdomen
662 1747 673 1765 ‚
728 1718 793 1756 ani
827 1718 939 1769 regio
960 1748 971 1768 ,
1005 1720 1126 1760 cauda
1159 1728 1199 1759 et
1233 1721 1408 1762 tesstrices
1440 1721 1507 1761 sub
1537 1727 1658 1769 cauda
1679 1755 1692 1775 ,

447 1784 545 1819 atra.
641 1778 808 1826 Plumae
854 1782 995 1835 capitis
1032 1792 1074 1823 et
1105 1781 1201 1823 colli
1234 1797 1255 1824 a
1287 1784 1453 1838 reliquis
1483 1785 1520 1825 se
1553 1787 1691 1828 distin-

446 1849 612 1891 guum,
659 1845 765 1896 quod
795 1843 926 1885 laxius
959 1844 1028 1885 fibi
1081 1846 1259 1887 inuicem
1306 1849 1566 1902 incumbant,
1617 1849 1692 1890 fir·-

447 1903 592 1944 mioris
624 1904 702 1946 fint
732 1908 989 1960 substantiae,
1023 1918 1062 1949 et
1084 1941 1095 1961 ,
1134 1911 1384 1967 ⁰cincinnatae
1417 1911 1563 1952 leuiter
1585 1943 1596 1964 ‚
1625 1926 1691 1953 re-

450 1966 610 2009 ssolutas
642 1969 751 2024 quasi
782 1979 822 2012 et
855 1972 1112 2016 transuerfim
1146 1974 1310 2017 resciffas
1342 1976 1506 2018 habeant
1554 1985 1688 2026 extre-

1519 2049 1690 2083 mltatffi.
