<?xml version="1.0" encoding="UTF-8"?>
<!DOCTYPE html PUBLIC "-//W3C//DTD XHTML 1.0 Transitional//EN"
    "http://www.w3.org/TR/xhtml1/DTD/xhtml1-transitional.dtd">
<html xmlns="http://www.w3.org/1999/xhtml" xml:lang="en" lang="en">
 <head>
  <title>
</title>
<meta http-equiv="Content-Type" content="text/html;charset=utf-8" />
  <meta name='ocr-system' content='tesseract 3.04.00' />
  <meta name='ocr-capabilities' content='ocr_page ocr_carea ocr_par ocr_line ocrx_word'/>
</head>
<body>
  <div class='ocr_page' id='page_1' title='image "./novicommentariac11impe_0474.png"; bbox 0 0 1856 2653; ppageno 0'>
   <div class='ocr_carea' id='block_1_1' title="bbox 488 163 1445 230">
    <p class='ocr_par' dir='ltr' id='par_1_1' title="bbox 488 163 1445 230">
     <span class='ocr_line' id='line_1_1' title="bbox 488 163 1445 230; baseline -0.006 -9"><span class='ocrx_word' id='word_1_1' title='bbox 488 181 585 230; x_wconf 64' lang='grc' dir='ltr'>’,οι</span> <span class='ocrx_word' id='word_1_2' title='bbox 779 163 1445 218; x_wconf 78' lang='lat' dir='ltr'>INSECTORVM</span> 
     </span>
    </p>
   </div>
   <div class='ocr_carea' id='block_1_2' title="bbox 677 281 1748 847">
    <p class='ocr_par' dir='ltr' id='par_1_2' title="bbox 677 281 1748 847">
     <span class='ocr_line' id='line_1_2' title="bbox 679 281 1739 343; baseline -0.005 -14"><span class='ocrx_word' id='word_1_3' title='bbox 679 297 805 343; x_wconf 86' lang='lat' dir='ltr'>quam</span> <span class='ocrx_word' id='word_1_4' title='bbox 838 287 1116 341; x_wconf 88' lang='lat' dir='ltr'>praecedenti,</span> <span class='ocrx_word' id='word_1_5' title='bbox 1163 283 1259 329; x_wconf 87' lang='lat' dir='ltr'>licet</span> <span class='ocrx_word' id='word_1_6' title='bbox 1291 286 1399 327; x_wconf 78' lang='lat' dir='ltr'>hunc</span> <span class='ocrx_word' id='word_1_7' title='bbox 1432 282 1613 338; x_wconf 79' lang='lat' dir='ltr'>corporis</span> <span class='ocrx_word' id='word_1_8' title='bbox 1647 281 1739 325; x_wconf 62' lang='grc' dir='ltr'>Ϋῂῖὲ</span> 
     </span>
     <span class='ocr_line' id='line_1_3' title="bbox 677 347 1742 405; baseline -0.004 -12"><span class='ocrx_word' id='word_1_9' title='bbox 677 353 893 405; x_wconf 85' lang='lat' dir='ltr'>gnitudine</span> <span class='ocrx_word' id='word_1_10' title='bbox 947 349 1186 402; x_wconf 76' lang='lat' dir='ltr'>antecellat3</span> <span class='ocrx_word' id='word_1_11' title='bbox 1238 352 1397 391; x_wconf 84' lang='lat' dir='ltr'>tenuius</span> <span class='ocrx_word' id='word_1_12' title='bbox 1447 360 1608 402; x_wconf 85' lang='lat' dir='ltr'>quoque</span> <span class='ocrx_word' id='word_1_13' title='bbox 1654 347 1708 389; x_wconf 87' lang='lat' dir='ltr'>est</span> <span class='ocrx_word' id='word_1_14' title='bbox 1730 378 1742 399; x_wconf 90' lang='lat'><strong>,</strong></span> 
     </span>
     <span class='ocr_line' id='line_1_4' title="bbox 680 412 1741 468; baseline -0.005 -12"><span class='ocrx_word' id='word_1_15' title='bbox 680 416 989 468; x_wconf 83' lang='lat' dir='ltr'>minoribusque</span> <span class='ocrx_word' id='word_1_16' title='bbox 1023 414 1261 455; x_wconf 66' lang='lat' dir='ltr'>instructum</span> <span class='ocrx_word' id='word_1_17' title='bbox 1295 413 1509 463; x_wconf 84' lang='lat' dir='ltr'>dentibus,</span> <span class='ocrx_word' id='word_1_18' title='bbox 1550 424 1623 452; x_wconf 89' lang='lat' dir='ltr'>nec</span> <span class='ocrx_word' id='word_1_19' title='bbox 1653 412 1741 451; x_wconf 79' lang='lat' dir='ltr'>sut-</span> 
     </span>
     <span class='ocr_line' id='line_1_5' title="bbox 679 470 1744 529; baseline -0.004 -10"><span class='ocrx_word' id='word_1_20' title='bbox 679 478 770 520; x_wconf 91' lang='lat' dir='ltr'>sum</span> <span class='ocrx_word' id='word_1_21' title='bbox 805 478 920 518; x_wconf 79' lang='lat' dir='ltr'>valde</span> <span class='ocrx_word' id='word_1_22' title='bbox 953 487 1238 529; x_wconf 81' lang='lat' dir='ltr'>recuruatum3</span> <span class='ocrx_word' id='word_1_23' title='bbox 1272 479 1325 519; x_wconf 86' lang='lat' dir='ltr'>ast</span> <span class='ocrx_word' id='word_1_24' title='bbox 1346 506 1358 526; x_wconf 88' lang='lat'>,</span> <span class='ocrx_word' id='word_1_25' title='bbox 1389 476 1561 517; x_wconf 80' lang='lat' dir='ltr'>thoracis</span> <span class='ocrx_word' id='word_1_26' title='bbox 1595 470 1744 519; x_wconf 65' lang='lat' dir='ltr'>cornui</span> 
     </span>
     <span class='ocr_line' id='line_1_6' title="bbox 678 537 1744 593; baseline -0.004 -11"><span class='ocrx_word' id='word_1_27' title='bbox 678 542 727 583; x_wconf 84' lang='lat' dir='ltr'>ad</span> <span class='ocrx_word' id='word_1_28' title='bbox 757 542 965 583; x_wconf 89' lang='lat' dir='ltr'>internum</span> <span class='ocrx_word' id='word_1_29' title='bbox 999 543 1228 593; x_wconf 84' lang='lat' dir='ltr'>marginem</span> <span class='ocrx_word' id='word_1_30' title='bbox 1261 541 1377 581; x_wconf 75' lang='lat' dir='ltr'>valde</span> <span class='ocrx_word' id='word_1_31' title='bbox 1409 538 1563 581; x_wconf 70' lang='lat' dir='ltr'>exsciffa</span> <span class='ocrx_word' id='word_1_32' title='bbox 1583 569 1595 589; x_wconf 93' lang='lat'>‚</span> <span class='ocrx_word' id='word_1_33' title='bbox 1647 537 1744 578; x_wconf 88' lang='lat' dir='ltr'>hinc</span> 
     </span>
     <span class='ocr_line' id='line_1_7' title="bbox 678 598 1746 656; baseline -0.003 -11"><span class='ocrx_word' id='word_1_34' title='bbox 678 614 839 646; x_wconf 83' lang='lat' dir='ltr'>arcuata</span> <span class='ocrx_word' id='word_1_35' title='bbox 867 636 880 656; x_wconf 89' lang='lat'>‚</span> <span class='ocrx_word' id='word_1_36' title='bbox 925 615 965 646; x_wconf 89' lang='lat' dir='ltr'>et</span> <span class='ocrx_word' id='word_1_37' title='bbox 999 605 1315 646; x_wconf 81' lang='lat' dir='ltr'>extremitatibus</span> <span class='ocrx_word' id='word_1_38' title='bbox 1347 598 1424 645; x_wconf 86' lang='lat' dir='ltr'>suis</span> <span class='ocrx_word' id='word_1_39' title='bbox 1455 601 1746 645; x_wconf 88' lang='lat' dir='ltr'>conuenientia.</span> 
     </span>
     <span class='ocr_line' id='line_1_8' title="bbox 680 665 1748 720; baseline -0.003 -13"><span class='ocrx_word' id='word_1_40' title='bbox 680 668 840 708; x_wconf 55' lang='lat' dir='ltr'>Tuben</span> <span class='ocrx_word' id='word_1_41' title='bbox 871 668 1042 710; x_wconf 77' lang='lat' dir='ltr'>thoracis</span> <span class='ocrx_word' id='word_1_42' title='bbox 1095 668 1289 720; x_wconf 77' lang='lat' dir='ltr'>insignius</span> <span class='ocrx_word' id='word_1_43' title='bbox 1352 679 1472 719; x_wconf 89' lang='lat' dir='ltr'>quam</span> <span class='ocrx_word' id='word_1_44' title='bbox 1526 665 1657 720; x_wconf 86' lang='lat' dir='ltr'>priori</span> <span class='ocrx_word' id='word_1_45' title='bbox 1705 672 1748 705; x_wconf 88' lang='lat' dir='ltr'>et</span> 
     </span>
     <span class='ocr_line' id='line_1_9' title="bbox 683 728 1748 786; baseline -0.001 -15"><span class='ocrx_word' id='word_1_46' title='bbox 683 731 908 784; x_wconf 87' lang='lat' dir='ltr'>descripto,</span> <span class='ocrx_word' id='word_1_47' title='bbox 956 734 1075 786; x_wconf 86' lang='lat' dir='ltr'>inque</span> <span class='ocrx_word' id='word_1_48' title='bbox 1109 733 1244 772; x_wconf 88' lang='lat' dir='ltr'>medio</span> <span class='ocrx_word' id='word_1_49' title='bbox 1275 731 1491 771; x_wconf 86' lang='lat' dir='ltr'>secundum</span> <span class='ocrx_word' id='word_1_50' title='bbox 1525 728 1748 780; x_wconf 78' lang='lat' dir='ltr'>longitudi-</span> 
     </span>
     <span class='ocr_line' id='line_1_10' title="bbox 685 789 1678 847; baseline -0.001 -14"><span class='ocrx_word' id='word_1_51' title='bbox 685 805 782 834; x_wconf 89' lang='lat' dir='ltr'>nem</span> <span class='ocrx_word' id='word_1_52' title='bbox 817 794 860 834; x_wconf 89' lang='lat' dir='ltr'>in</span> <span class='ocrx_word' id='word_1_53' title='bbox 891 798 1120 847; x_wconf 85' lang='lat' dir='ltr'>marginem</span> <span class='ocrx_word' id='word_1_54' title='bbox 1154 789 1377 836; x_wconf 85' lang='lat' dir='ltr'>acutiorem</span> <span class='ocrx_word' id='word_1_55' title='bbox 1411 793 1678 835; x_wconf 69' lang='lat' dir='ltr'>contractum.</span> 
     </span>
    </p>
   </div>
   <div class='ocr_carea' id='block_1_3' title="bbox 590 886 1749 1009">
    <p class='ocr_par' dir='ltr' id='par_1_3' title="bbox 590 886 1749 1008">
     <span class='ocr_line' id='line_1_11' title="bbox 590 886 1746 949; baseline -0.003 -16"><span class='ocrx_word' id='word_1_56' title='bbox 590 889 650 949; x_wconf 74' lang='grc' dir='ltr'>Ὑ)</span> <span class='ocrx_word' id='word_1_57' title='bbox 690 892 822 944; x_wconf 85' lang='lat' dir='ltr'>Long.</span> <span class='ocrx_word' id='word_1_58' title='bbox 865 903 889 941; x_wconf 81' lang='grc'>3</span> <span class='ocrx_word' id='word_1_59' title='bbox 933 892 1032 946; x_wconf 84' lang='lat' dir='ltr'>poll.</span> <span class='ocrx_word' id='word_1_60' title='bbox 1076 902 1103 943; x_wconf 93' lang='lat'>7</span> <span class='ocrx_word' id='word_1_61' title='bbox 1143 894 1214 934; x_wconf 84' lang='lat' dir='ltr'>lin.</span> <span class='ocrx_word' id='word_1_62' title='bbox 1246 893 1360 936; x_wconf 88' lang='lat' dir='ltr'>Licet</span> <span class='ocrx_word' id='word_1_63' title='bbox 1390 888 1634 948; x_wconf 63' lang='lat' dir='ltr'>praecedendi</span> <span class='ocrx_word' id='word_1_64' title='bbox 1668 886 1746 945; x_wconf 78' lang='grc' dir='ltr'>(β)</span> 
     </span>
     <span class='ocr_line' id='line_1_12' title="bbox 650 954 1749 1009; baseline -0.004 -12.876"><span class='ocrx_word' id='word_1_65' title='bbox 650 954 822 1000; x_wconf 90' lang='lat' dir='ltr'>multo</span> <span class='ocrx_word' id='word_1_66' title='bbox 872 956 1008 996; x_wconf 86' lang='lat' dir='ltr'>minus</span> <span class='ocrx_word' id='word_1_67' title='bbox 1055 955 1137 1009; x_wconf 85' lang='lat' dir='ltr'>fit,</span> <span class='ocrx_word' id='word_1_68' title='bbox 1184 968 1310 997; x_wconf 91' lang='lat' dir='ltr'>cornu</span> <span class='ocrx_word' id='word_1_69' title='bbox 1362 967 1495 997; x_wconf 91' lang='lat' dir='ltr'>tamen</span> <span class='ocrx_word' id='word_1_70' title='bbox 1546 958 1587 996; x_wconf 91' lang='lat' dir='ltr'>in</span> <span class='ocrx_word' id='word_1_71' title='bbox 1619 957 1749 1008; x_wconf 77' lang='lat' dir='ltr'>cipite</span> 
     </span>
    </p>
   </div>
   <div class='ocr_carea' id='block_1_4' title="bbox 674 1016 1813 1753">
    <p class='ocr_par' dir='ltr' id='par_1_4' title="bbox 674 1016 1813 1705">
     <span class='ocr_line' id='line_1_13' title="bbox 682 1016 1751 1070; baseline -0.003 -11"><span class='ocrx_word' id='word_1_72' title='bbox 682 1018 817 1059; x_wconf 82' lang='lat' dir='ltr'>maius</span> <span class='ocrx_word' id='word_1_73' title='bbox 873 1020 980 1070; x_wconf 87' lang='lat' dir='ltr'>gerit</span> <span class='ocrx_word' id='word_1_74' title='bbox 1000 1049 1012 1070; x_wconf 94' lang='lat'><strong>‚</strong></span> <span class='ocrx_word' id='word_1_75' title='bbox 1061 1021 1108 1060; x_wconf 91' lang='lat' dir='ltr'>sc.</span> <span class='ocrx_word' id='word_1_76' title='bbox 1156 1020 1203 1061; x_wconf 88' lang='lat' dir='ltr'>ab</span> <span class='ocrx_word' id='word_1_77' title='bbox 1232 1022 1485 1060; x_wconf 85' lang='lat' dir='ltr'>extremitate</span> <span class='ocrx_word' id='word_1_78' title='bbox 1517 1020 1562 1058; x_wconf 89' lang='lat' dir='ltr'>ad</span> <span class='ocrx_word' id='word_1_79' title='bbox 1595 1016 1751 1069; x_wconf 78' lang='lat' dir='ltr'>margi-</span> 
     </span>
     <span class='ocr_line' id='line_1_14' title="bbox 684 1080 1750 1143; baseline 0.001 -22"><span class='ocrx_word' id='word_1_80' title='bbox 684 1092 782 1121; x_wconf 88' lang='lat' dir='ltr'>nem</span> <span class='ocrx_word' id='word_1_81' title='bbox 828 1080 940 1121; x_wconf 93' lang='lat' dir='ltr'>oculi</span> <span class='ocrx_word' id='word_1_82' title='bbox 991 1083 1171 1121; x_wconf 86' lang='lat' dir='ltr'>anticum</span> <span class='ocrx_word' id='word_1_83' title='bbox 1208 1093 1227 1118; x_wconf 92' lang='lat'>1</span> <span class='ocrx_word' id='word_1_84' title='bbox 1267 1081 1412 1133; x_wconf 78' lang='lat' dir='ltr'>poll.z</span> <span class='ocrx_word' id='word_1_85' title='bbox 1396 1108 1413 1112; x_wconf 91' lang='lat'><em>-</em></span> <span class='ocrx_word' id='word_1_86' title='bbox 1444 1080 1515 1129; x_wconf 74' lang='lat' dir='ltr'>lin.</span> <span class='ocrx_word' id='word_1_87' title='bbox 1542 1080 1750 1143; x_wconf 72' lang='lat' dir='ltr'>longum3</span> 
     </span>
     <span class='ocr_line' id='line_1_15' title="bbox 685 1140 1750 1198; baseline 0.001 -15"><span class='ocrx_word' id='word_1_88' title='bbox 685 1154 835 1183; x_wconf 78' lang='lat' dir='ltr'>verum</span> <span class='ocrx_word' id='word_1_89' title='bbox 870 1142 1044 1186; x_wconf 87' lang='lat' dir='ltr'>thoracis</span> <span class='ocrx_word' id='word_1_90' title='bbox 1077 1146 1224 1184; x_wconf 85' lang='lat' dir='ltr'>cornua</span> <span class='ocrx_word' id='word_1_91' title='bbox 1264 1141 1385 1196; x_wconf 80' lang='lat' dir='ltr'>longe</span> <span class='ocrx_word' id='word_1_92' title='bbox 1433 1140 1590 1185; x_wconf 81' lang='lat' dir='ltr'>rnino&#39;ra</span> <span class='ocrx_word' id='word_1_93' title='bbox 1614 1174 1626 1196; x_wconf 86' lang='lat'><em>,</em></span> <span class='ocrx_word' id='word_1_94' title='bbox 1672 1140 1750 1198; x_wconf 65' lang='lat' dir='ltr'>pa·-</span> 
     </span>
     <span class='ocr_line' id='line_1_16' title="bbox 674 1201 1752 1268; baseline 0.001 -21"><span class='ocrx_word' id='word_1_95' title='bbox 674 1203 821 1247; x_wconf 66' lang='lat' dir='ltr'>rallela</span> <span class='ocrx_word' id='word_1_96' title='bbox 843 1235 856 1256; x_wconf 91' lang='lat'>‚</span> <span class='ocrx_word' id='word_1_97' title='bbox 905 1208 1162 1262; x_wconf 86' lang='lat' dir='ltr'>eiusdemque</span> <span class='ocrx_word' id='word_1_98' title='bbox 1203 1210 1316 1249; x_wconf 83' lang='lat' dir='ltr'>tuber</span> <span class='ocrx_word' id='word_1_99' title='bbox 1358 1208 1494 1248; x_wconf 87' lang='lat' dir='ltr'>minus</span> <span class='ocrx_word' id='word_1_100' title='bbox 1526 1204 1678 1268; x_wconf 78' lang='lat' dir='ltr'>infigri&#39;e</span> <span class='ocrx_word' id='word_1_101' title='bbox 1706 1201 1752 1248; x_wconf 60' lang='grc' dir='ltr'>’ἑο</span> 
     </span>
     <span class='ocr_line' id='line_1_17' title="bbox 683 1259 1753 1326; baseline 0.003 -18"><span class='ocrx_word' id='word_1_102' title='bbox 683 1269 729 1309; x_wconf 89' lang='lat' dir='ltr'>in</span> <span class='ocrx_word' id='word_1_103' title='bbox 763 1270 997 1322; x_wconf 84' lang='lat' dir='ltr'>summitate</span> <span class='ocrx_word' id='word_1_104' title='bbox 1031 1271 1209 1312; x_wconf 78' lang='lat' dir='ltr'>obtusius</span> <span class='ocrx_word' id='word_1_105' title='bbox 1231 1300 1242 1321; x_wconf 88' lang='lat'>‚</span> <span class='ocrx_word' id='word_1_106' title='bbox 1292 1283 1414 1324; x_wconf 81' lang='lat' dir='ltr'>quam</span> <span class='ocrx_word' id='word_1_107' title='bbox 1447 1271 1490 1310; x_wconf 90' lang='lat' dir='ltr'>in</span> <span class='ocrx_word' id='word_1_108' title='bbox 1515 1271 1562 1326; x_wconf 82' lang='grc' dir='ltr'>β.</span> <span class='ocrx_word' id='word_1_109' title='bbox 1625 1259 1753 1313; x_wconf 74' lang='lat' dir='ltr'>&#39;Cete-</span> 
     </span>
     <span class='ocr_line' id='line_1_18' title="bbox 688 1330 1753 1386; baseline 0 -13"><span class='ocrx_word' id='word_1_110' title='bbox 688 1342 787 1373; x_wconf 81' lang='lat' dir='ltr'>rum</span> <span class='ocrx_word' id='word_1_111' title='bbox 830 1330 1000 1372; x_wconf 87' lang='lat' dir='ltr'>thoracis</span> <span class='ocrx_word' id='word_1_112' title='bbox 1031 1340 1235 1373; x_wconf 87' lang='lat' dir='ltr'>cornuum</span> <span class='ocrx_word' id='word_1_113' title='bbox 1266 1334 1509 1383; x_wconf 84' lang='lat' dir='ltr'>magnitudo</span> <span class='ocrx_word' id='word_1_114' title='bbox 1542 1334 1753 1386; x_wconf 74' lang='lat' dir='ltr'>magnitu-</span> 
     </span>
     <span class='ocr_line' id='line_1_19' title="bbox 689 1393 1753 1447; baseline 0.003 -13"><span class='ocrx_word' id='word_1_115' title='bbox 689 1395 775 1438; x_wconf 86' lang='lat' dir='ltr'>dini</span> <span class='ocrx_word' id='word_1_116' title='bbox 807 1394 988 1446; x_wconf 90' lang='lat' dir='ltr'>corporis</span> <span class='ocrx_word' id='word_1_117' title='bbox 1017 1395 1181 1437; x_wconf 84' lang='lat' dir='ltr'>videtur</span> <span class='ocrx_word' id='word_1_118' title='bbox 1199 1393 1271 1432; x_wconf 83' lang='lat' dir='ltr'>esse</span> <span class='ocrx_word' id='word_1_119' title='bbox 1291 1395 1604 1447; x_wconf 86' lang='lat' dir='ltr'>proportionata.</span> <span class='ocrx_word' id='word_1_120' title='bbox 1637 1396 1753 1437; x_wconf 80' lang='lat' dir='ltr'>Den-</span> 
     </span>
     <span class='ocr_line' id='line_1_20' title="bbox 689 1454 1753 1510; baseline 0.003 -14"><span class='ocrx_word' id='word_1_121' title='bbox 689 1454 835 1497; x_wconf 86' lang='lat' dir='ltr'>ticulos</span> <span class='ocrx_word' id='word_1_122' title='bbox 869 1456 911 1495; x_wconf 92' lang='lat' dir='ltr'>in</span> <span class='ocrx_word' id='word_1_123' title='bbox 943 1456 1083 1508; x_wconf 86' lang='lat' dir='ltr'>supina</span> <span class='ocrx_word' id='word_1_124' title='bbox 1117 1455 1308 1496; x_wconf 88' lang='lat' dir='ltr'>tibiarum</span> <span class='ocrx_word' id='word_1_125' title='bbox 1343 1458 1571 1496; x_wconf 81' lang='lat' dir='ltr'>anticarum</span> <span class='ocrx_word' id='word_1_126' title='bbox 1623 1461 1718 1498; x_wconf 82' lang='lat' dir='ltr'>facie</span> <span class='ocrx_word' id='word_1_127' title='bbox 1738 1489 1753 1510; x_wconf 85' lang='lat'>,</span> 
     </span>
     <span class='ocr_line' id='line_1_21' title="bbox 686 1518 1763 1573; baseline 0.002 -14"><span class='ocrx_word' id='word_1_128' title='bbox 686 1518 732 1559; x_wconf 88' lang='lat' dir='ltr'>in</span> <span class='ocrx_word' id='word_1_129' title='bbox 765 1518 916 1560; x_wconf 78' lang='lat' dir='ltr'>vicinia</span> <span class='ocrx_word' id='word_1_130' title='bbox 948 1519 1124 1560; x_wconf 89' lang='lat' dir='ltr'>duorum</span> <span class='ocrx_word' id='word_1_131' title='bbox 1177 1519 1384 1560; x_wconf 84' lang='lat' dir='ltr'>maiorum</span> <span class='ocrx_word' id='word_1_132' title='bbox 1406 1549 1417 1570; x_wconf 89' lang='lat'>‚</span> <span class='ocrx_word' id='word_1_133' title='bbox 1465 1519 1763 1573; x_wconf 71' lang='lat' dir='ltr'>subtriangula·</span> 
     </span>
     <span class='ocr_line' id='line_1_22' title="bbox 689 1582 1813 1635; baseline 0.002 -12"><span class='ocrx_word' id='word_1_134' title='bbox 689 1582 803 1623; x_wconf 81' lang='lat' dir='ltr'>rium</span> <span class='ocrx_word' id='word_1_135' title='bbox 825 1613 837 1634; x_wconf 94' lang='lat'>,</span> <span class='ocrx_word' id='word_1_136' title='bbox 896 1586 1205 1635; x_wconf 84' lang='lat' dir='ltr'>extrorsumque</span> <span class='ocrx_word' id='word_1_137' title='bbox 1249 1582 1514 1635; x_wconf 75' lang='lat' dir='ltr'>spec&#39;tantium</span> <span class='ocrx_word' id='word_1_138' title='bbox 1564 1586 1757 1626; x_wconf 86' lang='lat' dir='ltr'>constitu·</span> <span class='ocrx_word' id='word_1_139' title='bbox 1811 1617 1813 1619; x_wconf 86' lang='lat'>.</span> 
     </span>
     <span class='ocr_line' id='line_1_23' title="bbox 691 1639 1756 1705; baseline 0.004 -19"><span class='ocrx_word' id='word_1_140' title='bbox 691 1654 755 1687; x_wconf 92' lang='lat' dir='ltr'>tos</span> <span class='ocrx_word' id='word_1_141' title='bbox 786 1646 1005 1687; x_wconf 89' lang='lat' dir='ltr'>earundem</span> <span class='ocrx_word' id='word_1_142' title='bbox 1035 1646 1207 1688; x_wconf 72' lang='lat' dir='ltr'>&#39;finistra</span> <span class='ocrx_word' id='word_1_143' title='bbox 1233 1655 1405 1701; x_wconf 84' lang='lat' dir='ltr'>quatuor</span> <span class='ocrx_word' id='word_1_144' title='bbox 1424 1677 1437 1700; x_wconf 89' lang='lat'><strong>,</strong></span> <span class='ocrx_word' id='word_1_145' title='bbox 1484 1644 1624 1690; x_wconf 74' lang='lat' dir='ltr'>dex&#39;tra</span> <span class='ocrx_word' id='word_1_146' title='bbox 1675 1639 1756 1705; x_wconf 49' lang='lat' dir='ltr'>tre}</span> 
     </span>
    </p>

    <p class='ocr_par' dir='ltr' id='par_1_5' title="bbox 689 1709 1801 1753">
     <span class='ocr_line' id='line_1_24' title="bbox 689 1709 1801 1753; baseline 0 0"><span class='ocrx_word' id='word_1_147' title='bbox 689 1709 869 1753; x_wconf 85' lang='lat' dir='ltr'>ostendit.</span> <span class='ocrx_word' id='word_1_148' title='bbox 1798 1713 1801 1716; x_wconf 78' lang='grc'><strong>“</strong></span> 
     </span>
    </p>
   </div>
   <div class='ocr_carea' id='block_1_5' title="bbox 339 1804 1759 2113">
    <p class='ocr_par' dir='ltr' id='par_1_6' title="bbox 606 1804 1759 1992">
     <span class='ocr_line' id='line_1_25' title="bbox 606 1804 1758 1875; baseline 0.001 -24"><span class='ocrx_word' id='word_1_149' title='bbox 606 1805 653 1863; x_wconf 78' lang='grc' dir='ltr'>δ)</span> <span class='ocrx_word' id='word_1_150' title='bbox 686 1808 815 1860; x_wconf 83' lang='lat' dir='ltr'>Long.</span> <span class='ocrx_word' id='word_1_151' title='bbox 855 1818 878 1856; x_wconf 84' lang='lat'>3</span> <span class='ocrx_word' id='word_1_152' title='bbox 914 1807 1013 1862; x_wconf 85' lang='lat' dir='ltr'>poll.</span> <span class='ocrx_word' id='word_1_153' title='bbox 1047 1804 1222 1875; x_wconf 84' lang='lat' dir='ltr'>adeoque</span> <span class='ocrx_word' id='word_1_154' title='bbox 1253 1812 1444 1853; x_wconf 87' lang='lat' dir='ltr'>omnium</span> <span class='ocrx_word' id='word_1_155' title='bbox 1481 1814 1628 1854; x_wconf 87' lang='lat' dir='ltr'>minus.</span> <span class='ocrx_word' id='word_1_156' title='bbox 1678 1810 1758 1853; x_wconf 76' lang='lat' dir='ltr'>Ca-</span> 
     </span>
     <span class='ocr_line' id='line_1_26' title="bbox 697 1871 1757 1927; baseline 0.003 -16"><span class='ocrx_word' id='word_1_157' title='bbox 697 1872 795 1927; x_wconf 86' lang='lat' dir='ltr'>pitis</span> <span class='ocrx_word' id='word_1_158' title='bbox 843 1877 970 1913; x_wconf 88' lang='lat' dir='ltr'>cornu</span> <span class='ocrx_word' id='word_1_159' title='bbox 1022 1873 1101 1914; x_wconf 92' lang='lat' dir='ltr'>ab</span> <span class='ocrx_word' id='word_1_160' title='bbox 1114 1878 1373 1917; x_wconf 85' lang='lat' dir='ltr'>extremitate</span> <span class='ocrx_word' id='word_1_161' title='bbox 1423 1877 1470 1918; x_wconf 84' lang='lat' dir='ltr'>ad</span> <span class='ocrx_word' id='word_1_162' title='bbox 1529 1871 1757 1926; x_wconf 83' lang='lat' dir='ltr'>margihem</span> 
     </span>
     <span class='ocr_line' id='line_1_27' title="bbox 704 1933 1759 1992; baseline 0.001 -16"><span class='ocrx_word' id='word_1_163' title='bbox 704 1933 923 1976; x_wconf 86' lang='lat' dir='ltr'>oculorum</span> <span class='ocrx_word' id='word_1_164' title='bbox 953 1936 1134 1978; x_wconf 79' lang='lat' dir='ltr'>anticum</span> <span class='ocrx_word' id='word_1_165' title='bbox 1170 1941 1216 1988; x_wconf 90' lang='lat'>7¹</span> <span class='ocrx_word' id='word_1_166' title='bbox 1245 1938 1318 1981; x_wconf 88' lang='lat' dir='ltr'>lin.</span> <span class='ocrx_word' id='word_1_167' title='bbox 1358 1939 1563 1992; x_wconf 87' lang='lat' dir='ltr'>longum,</span> <span class='ocrx_word' id='word_1_168' title='bbox 1613 1949 1759 1992; x_wconf 87' lang='lat' dir='ltr'>parum</span> 
     </span>
    </p>

    <p class='ocr_par' dir='ltr' id='par_1_7' title="bbox 339 1999 1759 2113">
     <span class='ocr_line' id='line_1_28' title="bbox 341 1999 1759 2055; baseline -0.001 -14"><span class='ocrx_word' id='word_1_169' title='bbox 341 2013 501 2052; x_wconf 51' lang='lat' dir='ltr'>&#39;raian</span> <span class='ocrx_word' id='word_1_170' title='bbox 702 2007 996 2053; x_wconf 65' lang='lat' dir='ltr'>recuruatum,</span> <span class='ocrx_word' id='word_1_171' title='bbox 1034 1999 1126 2043; x_wconf 63' lang='lat' dir='ltr'>&gt;late</span> <span class='ocrx_word' id='word_1_172' title='bbox 1166 2000 1308 2044; x_wconf 63' lang='lat' dir='ltr'>‘tamen</span> <span class='ocrx_word' id='word_1_173' title='bbox 1336 2033 1348 2055; x_wconf 92' lang='lat'>,</span> <span class='ocrx_word' id='word_1_174' title='bbox 1391 2005 1494 2047; x_wconf 76' lang='lat' dir='ltr'>imo</span> <span class='ocrx_word' id='word_1_175' title='bbox 1537 2003 1664 2046; x_wconf 80' lang='lat' dir='ltr'>&#39;latius</span> <span class='ocrx_word' id='word_1_176' title='bbox 1717 2001 1759 2040; x_wconf 93' lang='lat' dir='ltr'>in</span> 
     </span>
     <span class='ocr_line' id='line_1_29' title="bbox 339 2067 1753 2113; baseline 0.002 -13"><span class='ocrx_word' id='word_1_177' title='bbox 339 2067 412 2113; x_wconf 74' lang='lat' dir='ltr'>Fig‚</span> <span class='ocrx_word' id='word_1_178' title='bbox 442 2077 475 2104; x_wconf 52' lang='lat'>2⁶</span> <span class='ocrx_word' id='word_1_179' title='bbox 621 2105 624 2108; x_wconf 60' lang='grc'>,</span> <span class='ocrx_word' id='word_1_180' title='bbox 1569 2106 1572 2109; x_wconf 86' lang='grc'>,</span> <span class='ocrx_word' id='word_1_181' title='bbox 1618 2073 1753 2107; x_wconf 78' lang='lat' dir='ltr'>extre·</span> 
     </span>
    </p>
   </div>
  </div>
 </body>
</html>
