<?xml version="1.0" encoding="UTF-8"?>
<!DOCTYPE html PUBLIC "-//W3C//DTD XHTML 1.0 Transitional//EN"
    "http://www.w3.org/TR/xhtml1/DTD/xhtml1-transitional.dtd">
<html xmlns="http://www.w3.org/1999/xhtml" xml:lang="en" lang="en">
 <head>
  <title>
</title>
<meta http-equiv="Content-Type" content="text/html;charset=utf-8" />
  <meta name='ocr-system' content='tesseract 3.04.00' />
  <meta name='ocr-capabilities' content='ocr_page ocr_carea ocr_par ocr_line ocrx_word'/>
</head>
<body>
  <div class='ocr_page' id='page_1' title='image "./novicommentariac11impe_0311.png"; bbox 0 0 1856 2653; ppageno 0'>
   <div class='ocr_carea' id='block_1_1' title="bbox 412 183 1342 243">
    <p class='ocr_par' dir='ltr' id='par_1_1' title="bbox 412 183 1342 243">
     <span class='ocr_line' id='line_1_1' title="bbox 412 183 1342 243; baseline 0.004 -17"><span class='ocrx_word' id='word_1_1' title='bbox 412 183 1029 243; x_wconf 68' lang='lat' dir='ltr'>FLv31D0RVM.</span> <span class='ocrx_word' id='word_1_2' title='bbox 1259 199 1342 237; x_wconf 53' lang='grc' dir='ltr'>ης,</span> 
     </span>
    </p>
   </div>
   <div class='ocr_carea' id='block_1_2' title="bbox 59 295 1380 1999">
    <p class='ocr_par' dir='ltr' id='par_1_2' title="bbox 59 295 1380 1999">
     <span class='ocr_line' id='line_1_2' title="bbox 256 295 1352 352; baseline 0.004 -16"><span class='ocrx_word' id='word_1_3' title='bbox 256 301 328 337; x_wconf 83' lang='lat'>26.</span> <span class='ocrx_word' id='word_1_4' title='bbox 364 297 630 352; x_wconf 81' lang='lat' dir='ltr'>Nequaquam</span> <span class='ocrx_word' id='word_1_5' title='bbox 665 307 802 338; x_wconf 88' lang='lat' dir='ltr'>autem</span> <span class='ocrx_word' id='word_1_6' title='bbox 837 295 879 337; x_wconf 91' lang='lat' dir='ltr'>hi</span> <span class='ocrx_word' id='word_1_7' title='bbox 911 299 1019 338; x_wconf 89' lang='lat' dir='ltr'>casus</span> <span class='ocrx_word' id='word_1_8' title='bbox 1051 297 1248 339; x_wconf 85' lang='lat' dir='ltr'>Theoriae</span> <span class='ocrx_word' id='word_1_9' title='bbox 1266 300 1352 340; x_wconf 81' lang='lat' dir='ltr'>iam</span> 
     </span>
     <span class='ocr_line' id='line_1_3' title="bbox 100 359 1353 415; baseline 0.002 -15"><span class='ocrx_word' id='word_1_10' title='bbox 100 359 203 401; x_wconf 84' lang='lat' dir='ltr'>olim</span> <span class='ocrx_word' id='word_1_11' title='bbox 258 362 443 402; x_wconf 74' lang='lat' dir='ltr'>stabilitae</span> <span class='ocrx_word' id='word_1_12' title='bbox 466 392 476 412; x_wconf 89' lang='lat'>,</span> <span class='ocrx_word' id='word_1_13' title='bbox 525 374 601 414; x_wconf 88' lang='lat' dir='ltr'>qua</span> <span class='ocrx_word' id='word_1_14' title='bbox 645 364 690 402; x_wconf 86' lang='lat' dir='ltr'>ad</span> <span class='ocrx_word' id='word_1_15' title='bbox 724 360 1010 415; x_wconf 84' lang='lat' dir='ltr'>aequilibrium</span> <span class='ocrx_word' id='word_1_16' title='bbox 1045 362 1086 401; x_wconf 90' lang='lat' dir='ltr'>in</span> <span class='ocrx_word' id='word_1_17' title='bbox 1123 361 1353 403; x_wconf 83' lang='lat' dir='ltr'>altitudini-</span> 
     </span>
     <span class='ocr_line' id='line_1_4' title="bbox 98 423 1353 480; baseline 0.001 -15"><span class='ocrx_word' id='word_1_18' title='bbox 98 426 169 469; x_wconf 86' lang='lat' dir='ltr'>bus</span> <span class='ocrx_word' id='word_1_19' title='bbox 201 427 358 480; x_wconf 84' lang='lat' dir='ltr'>paribus</span> <span class='ocrx_word' id='word_1_20' title='bbox 389 423 564 478; x_wconf 81' lang='lat' dir='ltr'>aequales</span> <span class='ocrx_word' id='word_1_21' title='bbox 597 425 800 478; x_wconf 64' lang='lat' dir='ltr'>denfitatee</span> <span class='ocrx_word' id='word_1_22' title='bbox 838 427 1103 478; x_wconf 89' lang='lat' dir='ltr'>requiruntur</span> <span class='ocrx_word' id='word_1_23' title='bbox 1125 457 1135 476; x_wconf 88' lang='lat'>,</span> <span class='ocrx_word' id='word_1_24' title='bbox 1170 428 1353 468; x_wconf 79' lang='lat' dir='ltr'>aduersa-</span> 
     </span>
     <span class='ocr_line' id='line_1_5' title="bbox 99 488 1352 544; baseline -0.001 -15"><span class='ocrx_word' id='word_1_25' title='bbox 99 498 197 541; x_wconf 73' lang='lat' dir='ltr'>tur3</span> <span class='ocrx_word' id='word_1_26' title='bbox 232 501 402 542; x_wconf 83' lang='lat' dir='ltr'>namque</span> <span class='ocrx_word' id='word_1_27' title='bbox 435 488 611 529; x_wconf 72' lang='lat' dir='ltr'>Tlicoria</span> <span class='ocrx_word' id='word_1_28' title='bbox 646 488 715 529; x_wconf 88' lang='lat' dir='ltr'>illa</span> <span class='ocrx_word' id='word_1_29' title='bbox 752 490 791 529; x_wconf 90' lang='lat' dir='ltr'>in</span> <span class='ocrx_word' id='word_1_30' title='bbox 824 500 966 541; x_wconf 81' lang='lat' dir='ltr'><strong>genere</strong></span> <span class='ocrx_word' id='word_1_31' title='bbox 999 489 1044 530; x_wconf 88' lang='lat' dir='ltr'>ad</span> <span class='ocrx_word' id='word_1_32' title='bbox 1080 488 1202 530; x_wconf 88' lang='lat' dir='ltr'>fluida</span> <span class='ocrx_word' id='word_1_33' title='bbox 1251 502 1352 544; x_wconf 86' lang='lat' dir='ltr'>qua-</span> 
     </span>
     <span class='ocr_line' id='line_1_6' title="bbox 96 543 1354 607; baseline 0.001 -15"><span class='ocrx_word' id='word_1_34' title='bbox 96 566 174 606; x_wconf 83' lang='lat' dir='ltr'>qua</span> <span class='ocrx_word' id='word_1_35' title='bbox 206 554 338 594; x_wconf 78' lang='lat' dir='ltr'>versus</span> <span class='ocrx_word' id='word_1_36' title='bbox 371 554 540 607; x_wconf 70' lang='lat' dir='ltr'>patentia</span> <span class='ocrx_word' id='word_1_37' title='bbox 572 562 611 592; x_wconf 79' lang='lat' dir='ltr'>et</span> <span class='ocrx_word' id='word_1_38' title='bbox 646 543 776 593; x_wconf 85' lang='lat' dir='ltr'>seeum</span> <span class='ocrx_word' id='word_1_39' title='bbox 808 554 1150 593; x_wconf 82' lang='lat' dir='ltr'>communicantia</span> <span class='ocrx_word' id='word_1_40' title='bbox 1184 553 1237 593; x_wconf 89' lang='lat' dir='ltr'>est</span> <span class='ocrx_word' id='word_1_41' title='bbox 1285 566 1354 593; x_wconf 72' lang='lat' dir='ltr'>ac⁴</span> 
     </span>
     <span class='ocr_line' id='line_1_7' title="bbox 94 617 1349 670; baseline 0 -15"><span class='ocrx_word' id='word_1_42' title='bbox 94 618 346 657; x_wconf 82' lang='lat' dir='ltr'>commodata</span> <span class='ocrx_word' id='word_1_43' title='bbox 370 648 380 667; x_wconf 92' lang='lat'>,</span> <span class='ocrx_word' id='word_1_44' title='bbox 432 617 471 656; x_wconf 91' lang='lat' dir='ltr'>in</span> <span class='ocrx_word' id='word_1_45' title='bbox 507 618 649 669; x_wconf 82' lang='lat' dir='ltr'>quibus</span> <span class='ocrx_word' id='word_1_46' title='bbox 689 617 832 670; x_wconf 78' lang='lat' dir='ltr'>vtique</span> <span class='ocrx_word' id='word_1_47' title='bbox 867 617 1029 656; x_wconf 89' lang='lat' dir='ltr'>nullum</span> <span class='ocrx_word' id='word_1_48' title='bbox 1064 617 1349 670; x_wconf 83' lang='lat' dir='ltr'>aequilibrium</span> 
     </span>
     <span class='ocr_line' id='line_1_8' title="bbox 92 678 1351 736; baseline -0.002 -16"><span class='ocrx_word' id='word_1_49' title='bbox 92 679 175 720; x_wconf 84' lang='lat' dir='ltr'>fine</span> <span class='ocrx_word' id='word_1_50' title='bbox 210 681 275 719; x_wconf 86' lang='lat' dir='ltr'>ista</span> <span class='ocrx_word' id='word_1_51' title='bbox 307 681 530 721; x_wconf 86' lang='lat' dir='ltr'>conditione</span> <span class='ocrx_word' id='word_1_52' title='bbox 565 682 648 721; x_wconf 81' lang='lat' dir='ltr'>clari</span> <span class='ocrx_word' id='word_1_53' title='bbox 683 681 819 734; x_wconf 84' lang='lat' dir='ltr'>potest.</span> <span class='ocrx_word' id='word_1_54' title='bbox 883 681 1055 736; x_wconf 74' lang='lat' dir='ltr'>Quando</span> <span class='ocrx_word' id='word_1_55' title='bbox 1083 690 1221 720; x_wconf 86' lang='lat' dir='ltr'>autem</span> <span class='ocrx_word' id='word_1_56' title='bbox 1253 678 1351 719; x_wconf 84' lang='lat' dir='ltr'>flui-</span> 
     </span>
     <span class='ocr_line' id='line_1_9' title="bbox 93 742 1351 796; baseline -0.001 -13"><span class='ocrx_word' id='word_1_57' title='bbox 93 744 140 783; x_wconf 89' lang='lat' dir='ltr'>da</span> <span class='ocrx_word' id='word_1_58' title='bbox 175 744 277 785; x_wconf 89' lang='lat' dir='ltr'>tubis</span> <span class='ocrx_word' id='word_1_59' title='bbox 311 745 399 785; x_wconf 88' lang='lat' dir='ltr'>sunt</span> <span class='ocrx_word' id='word_1_60' title='bbox 435 744 614 796; x_wconf 83' lang='lat' dir='ltr'>inclusa,</span> <span class='ocrx_word' id='word_1_61' title='bbox 667 745 720 784; x_wconf 85' lang='lat' dir='ltr'>ita</span> <span class='ocrx_word' id='word_1_62' title='bbox 757 754 802 784; x_wconf 83' lang='lat' dir='ltr'>vt</span> <span class='ocrx_word' id='word_1_63' title='bbox 836 743 1009 784; x_wconf 86' lang='lat' dir='ltr'>diuersae</span> <span class='ocrx_word' id='word_1_64' title='bbox 1051 742 1167 784; x_wconf 89' lang='lat' dir='ltr'>fluidi</span> <span class='ocrx_word' id='word_1_65' title='bbox 1221 752 1351 796; x_wconf 84' lang='lat' dir='ltr'>partes</span> 
     </span>
     <span class='ocr_line' id='line_1_10' title="bbox 92 806 1350 861; baseline 0.002 -16"><span class='ocrx_word' id='word_1_66' title='bbox 92 818 173 854; x_wconf 82' lang='lat' dir='ltr'>non</span> <span class='ocrx_word' id='word_1_67' title='bbox 225 806 339 847; x_wconf 87' lang='lat' dir='ltr'>aliter</span> <span class='ocrx_word' id='word_1_68' title='bbox 391 806 463 846; x_wconf 79' lang='lat' dir='ltr'>nisi</span> <span class='ocrx_word' id='word_1_69' title='bbox 518 821 586 861; x_wconf 82' lang='lat' dir='ltr'>per</span> <span class='ocrx_word' id='word_1_70' title='bbox 638 809 781 848; x_wconf 91' lang='lat' dir='ltr'>tubum</span> <span class='ocrx_word' id='word_1_71' title='bbox 834 807 937 846; x_wconf 89' lang='lat' dir='ltr'>inter</span> <span class='ocrx_word' id='word_1_72' title='bbox 978 807 1013 846; x_wconf 88' lang='lat' dir='ltr'>se</span> <span class='ocrx_word' id='word_1_73' title='bbox 1044 807 1350 859; x_wconf 82' lang='lat' dir='ltr'>communicare</span> 
     </span>
     <span class='ocr_line' id='line_1_11' title="bbox 91 865 1348 922; baseline 0.002 -14"><span class='ocrx_word' id='word_1_74' title='bbox 91 880 269 922; x_wconf 80' lang='lat' dir='ltr'>queant,</span> <span class='ocrx_word' id='word_1_75' title='bbox 321 881 409 910; x_wconf 88' lang='lat' dir='ltr'>tum</span> <span class='ocrx_word' id='word_1_76' title='bbox 447 867 517 911; x_wconf 83' lang='lat' dir='ltr'>illa</span> <span class='ocrx_word' id='word_1_77' title='bbox 552 872 730 910; x_wconf 85' lang='lat' dir='ltr'>conditio</span> <span class='ocrx_word' id='word_1_78' title='bbox 762 869 1026 910; x_wconf 70' lang='lat' dir='ltr'>‘vehementer</span> <span class='ocrx_word' id='word_1_79' title='bbox 1059 865 1348 922; x_wconf 75' lang='lat' dir='ltr'>restringitur,</span> 
     </span>
     <span class='ocr_line' id='line_1_12' title="bbox 89 932 1380 987; baseline 0.001 -15"><span class='ocrx_word' id='word_1_80' title='bbox 89 942 138 972; x_wconf 77' lang='lat' dir='ltr'>vt</span> <span class='ocrx_word' id='word_1_81' title='bbox 172 946 249 973; x_wconf 89' lang='lat' dir='ltr'>non</span> <span class='ocrx_word' id='word_1_82' title='bbox 283 932 460 985; x_wconf 86' lang='lat' dir='ltr'>amplius</span> <span class='ocrx_word' id='word_1_83' title='bbox 493 932 664 973; x_wconf 82' lang='lat' dir='ltr'>absolute</span> <span class='ocrx_word' id='word_1_84' title='bbox 688 932 748 973; x_wconf 66' lang='lat' dir='ltr'>&#39;sit</span> <span class='ocrx_word' id='word_1_85' title='bbox 782 933 999 974; x_wconf 84' lang='lat' dir='ltr'>ueceffaria.</span> <span class='ocrx_word' id='word_1_86' title='bbox 1078 934 1217 987; x_wconf 85' lang='lat' dir='ltr'>Atque</span> <span class='ocrx_word' id='word_1_87' title='bbox 1251 936 1380 975; x_wconf 88' lang='lat' dir='ltr'>adeo.</span> 
     </span>
     <span class='ocr_line' id='line_1_13' title="bbox 86 994 1348 1049; baseline 0.001 -13"><span class='ocrx_word' id='word_1_88' title='bbox 86 996 168 1036; x_wconf 83' lang='lat' dir='ltr'>iam</span> <span class='ocrx_word' id='word_1_89' title='bbox 207 994 403 1047; x_wconf 86' lang='lat' dir='ltr'>infignem</span> <span class='ocrx_word' id='word_1_90' title='bbox 441 997 720 1049; x_wconf 80' lang='lat' dir='ltr'>exceptionem</span> <span class='ocrx_word' id='word_1_91' title='bbox 748 995 815 1035; x_wconf 89' lang='lat' dir='ltr'>hic</span> <span class='ocrx_word' id='word_1_92' title='bbox 837 998 1110 1049; x_wconf 85' lang='lat' dir='ltr'>notatuimus‚</span> <span class='ocrx_word' id='word_1_93' title='bbox 1141 999 1242 1038; x_wconf 93' lang='lat' dir='ltr'>dum</span> <span class='ocrx_word' id='word_1_94' title='bbox 1262 997 1348 1038; x_wconf 88' lang='lat' dir='ltr'>tubi</span> 
     </span>
     <span class='ocr_line' id='line_1_14' title="bbox 86 1059 1349 1115; baseline 0.001 -15"><span class='ocrx_word' id='word_1_95' title='bbox 86 1059 347 1114; x_wconf 78' lang='lat' dir='ltr'>continuitate</span> <span class='ocrx_word' id='word_1_96' title='bbox 386 1060 496 1111; x_wconf 90' lang='lat' dir='ltr'>septo</span> <span class='ocrx_word' id='word_1_97' title='bbox 530 1059 742 1102; x_wconf 85' lang='lat' dir='ltr'>interclusa</span> <span class='ocrx_word' id='word_1_98' title='bbox 774 1059 948 1101; x_wconf 92' lang='lat' dir='ltr'>fluidum</span> <span class='ocrx_word' id='word_1_99' title='bbox 982 1062 1139 1115; x_wconf 87' lang='lat' dir='ltr'>semper</span> <span class='ocrx_word' id='word_1_100' title='bbox 1181 1059 1349 1101; x_wconf 86' lang='lat' dir='ltr'>neceffa-</span> 
     </span>
     <span class='ocr_line' id='line_1_15' title="bbox 89 1119 1347 1176; baseline 0.002 -16"><span class='ocrx_word' id='word_1_101' title='bbox 89 1122 153 1175; x_wconf 62' lang='lat' dir='ltr'>rio</span> <span class='ocrx_word' id='word_1_102' title='bbox 186 1122 226 1161; x_wconf 88' lang='lat' dir='ltr'>in</span> <span class='ocrx_word' id='word_1_103' title='bbox 261 1122 499 1175; x_wconf 85' lang='lat' dir='ltr'>aequilibrio</span> <span class='ocrx_word' id='word_1_104' title='bbox 533 1119 736 1163; x_wconf 83' lang='lat' dir='ltr'>coercetur</span> <span class='ocrx_word' id='word_1_105' title='bbox 768 1125 1033 1176; x_wconf 79' lang='lat' dir='ltr'>quantumuis</span> <span class='ocrx_word' id='word_1_106' title='bbox 1075 1125 1199 1164; x_wconf 87' lang='lat' dir='ltr'>etiarn</span> <span class='ocrx_word' id='word_1_107' title='bbox 1249 1125 1347 1164; x_wconf 83' lang='lat' dir='ltr'>den-</span> 
     </span>
     <span class='ocr_line' id='line_1_16' title="bbox 88 1184 1345 1236; baseline 0.002 -12"><span class='ocrx_word' id='word_1_108' title='bbox 88 1184 219 1224; x_wconf 83' lang='lat' dir='ltr'>sitates</span> <span class='ocrx_word' id='word_1_109' title='bbox 253 1185 293 1222; x_wconf 87' lang='lat' dir='ltr'>in</span> <span class='ocrx_word' id='word_1_110' title='bbox 326 1185 483 1236; x_wconf 82' lang='lat' dir='ltr'>paribus</span> <span class='ocrx_word' id='word_1_111' title='bbox 513 1185 792 1224; x_wconf 85' lang='lat' dir='ltr'>altitudinibus</span> <span class='ocrx_word' id='word_1_112' title='bbox 827 1187 975 1224; x_wconf 86' lang='lat' dir='ltr'>fuerint</span> <span class='ocrx_word' id='word_1_113' title='bbox 1005 1186 1192 1227; x_wconf 74' lang='lat' dir='ltr'>diuersae.</span> <span class='ocrx_word' id='word_1_114' title='bbox 1257 1187 1345 1226; x_wconf 80' lang='lat' dir='ltr'>De-</span> 
     </span>
     <span class='ocr_line' id='line_1_17' title="bbox 74 1235 1345 1299; baseline 0.002 -13"><span class='ocrx_word' id='word_1_115' title='bbox 74 1237 180 1287; x_wconf 81' lang='lat' dir='ltr'>&#39;inde</span> <span class='ocrx_word' id='word_1_116' title='bbox 221 1257 320 1296; x_wconf 83' lang='lat' dir='ltr'>vero</span> <span class='ocrx_word' id='word_1_117' title='bbox 370 1247 489 1286; x_wconf 88' lang='lat' dir='ltr'>etiam</span> <span class='ocrx_word' id='word_1_118' title='bbox 542 1235 701 1286; x_wconf 84' lang='lat' dir='ltr'>remoto</span> <span class='ocrx_word' id='word_1_119' title='bbox 753 1247 898 1299; x_wconf 89' lang='lat' dir='ltr'>septo,</span> <span class='ocrx_word' id='word_1_120' title='bbox 949 1249 1177 1290; x_wconf 86' lang='lat' dir='ltr'>dummodo</span> <span class='ocrx_word' id='word_1_121' title='bbox 1228 1249 1345 1289; x_wconf 87' lang='lat' dir='ltr'>tubus</span> 
     </span>
     <span class='ocr_line' id='line_1_18' title="bbox 85 1303 1341 1363; baseline 0.002 -14"><span class='ocrx_word' id='word_1_122' title='bbox 85 1322 166 1350; x_wconf 87' lang='lat' dir='ltr'>non</span> <span class='ocrx_word' id='word_1_123' title='bbox 204 1309 362 1361; x_wconf 88' lang='lat' dir='ltr'>prorsus</span> <span class='ocrx_word' id='word_1_124' title='bbox 393 1320 493 1360; x_wconf 86' lang='lat' dir='ltr'>aqua</span> <span class='ocrx_word' id='word_1_125' title='bbox 525 1308 572 1348; x_wconf 89' lang='lat' dir='ltr'>fit</span> <span class='ocrx_word' id='word_1_126' title='bbox 608 1307 781 1361; x_wconf 85' lang='lat' dir='ltr'>plenus,</span> <span class='ocrx_word' id='word_1_127' title='bbox 844 1303 906 1349; x_wconf 87' lang='lat' dir='ltr'>sed</span> <span class='ocrx_word' id='word_1_128' title='bbox 959 1311 1095 1363; x_wconf 90' lang='lat' dir='ltr'>portio</span> <span class='ocrx_word' id='word_1_129' title='bbox 1148 1312 1341 1362; x_wconf 82' lang='lat' dir='ltr'>quaedam</span> 
     </span>
     <span class='ocr_line' id='line_1_19' title="bbox 83 1370 1341 1427; baseline 0.002 -17"><span class='ocrx_word' id='word_1_130' title='bbox 83 1371 170 1410; x_wconf 90' lang='lat' dir='ltr'>eius</span> <span class='ocrx_word' id='word_1_131' title='bbox 202 1383 324 1410; x_wconf 86' lang='lat' dir='ltr'>vacua</span> <span class='ocrx_word' id='word_1_132' title='bbox 358 1370 642 1423; x_wconf 85' lang='lat' dir='ltr'>relinquatur,</span> <span class='ocrx_word' id='word_1_133' title='bbox 695 1371 777 1410; x_wconf 86' lang='lat' dir='ltr'>iam</span> <span class='ocrx_word' id='word_1_134' title='bbox 812 1371 967 1412; x_wconf 91' lang='lat' dir='ltr'>dudum</span> <span class='ocrx_word' id='word_1_135' title='bbox 1003 1373 1150 1414; x_wconf 85' lang='lat' dir='ltr'>constat</span> <span class='ocrx_word' id='word_1_136' title='bbox 1186 1374 1341 1427; x_wconf 71' lang='lat' dir='ltr'>semper</span> 
     </span>
     <span class='ocr_line' id='line_1_20' title="bbox 65 1433 1342 1492; baseline 0.002 -18"><span class='ocrx_word' id='word_1_137' title='bbox 65 1433 366 1492; x_wconf 33' lang='lat' dir='ltr'>&#39;aequilibrium</span> <span class='ocrx_word' id='word_1_138' title='bbox 400 1434 566 1474; x_wconf 87' lang='lat' dir='ltr'>existere</span> <span class='ocrx_word' id='word_1_139' title='bbox 604 1433 708 1486; x_wconf 85' lang='lat' dir='ltr'>poffe</span> <span class='ocrx_word' id='word_1_140' title='bbox 729 1464 740 1483; x_wconf 89' lang='lat'>‚</span> <span class='ocrx_word' id='word_1_141' title='bbox 788 1435 942 1475; x_wconf 74' lang='lat' dir='ltr'>etiamsi</span> <span class='ocrx_word' id='word_1_142' title='bbox 978 1437 1017 1476; x_wconf 91' lang='lat' dir='ltr'>in</span> <span class='ocrx_word' id='word_1_143' title='bbox 1054 1437 1213 1489; x_wconf 72' lang='lat' dir='ltr'>paribus</span> <span class='ocrx_word' id='word_1_144' title='bbox 1246 1436 1342 1477; x_wconf 89' lang='lat' dir='ltr'>alti-</span> 
     </span>
     <span class='ocr_line' id='line_1_21' title="bbox 70 1495 1338 1554; baseline 0.005 -17"><span class='ocrx_word' id='word_1_145' title='bbox 70 1497 286 1554; x_wconf 69' lang='lat' dir='ltr'>tudinibus</span> <span class='ocrx_word' id='word_1_146' title='bbox 339 1510 419 1536; x_wconf 87' lang='lat' dir='ltr'>non</span> <span class='ocrx_word' id='word_1_147' title='bbox 472 1495 645 1549; x_wconf 74' lang='lat' dir='ltr'>aequalis</span> <span class='ocrx_word' id='word_1_148' title='bbox 695 1495 812 1538; x_wconf 90' lang='lat' dir='ltr'>fluidi</span> <span class='ocrx_word' id='word_1_149' title='bbox 870 1497 1037 1538; x_wconf 80' lang='lat' dir='ltr'>densitas</span> <span class='ocrx_word' id='word_1_150' title='bbox 1102 1502 1338 1553; x_wconf 85' lang='lat' dir='ltr'>reperiatur.</span> 
     </span>
     <span class='ocr_line' id='line_1_22' title="bbox 67 1559 1340 1620; baseline 0.003 -21"><span class='ocrx_word' id='word_1_151' title='bbox 67 1559 219 1620; x_wconf 23' lang='lat' dir='ltr'>¹*Quare</span> <span class='ocrx_word' id='word_1_152' title='bbox 250 1572 297 1599; x_wconf 92' lang='lat' dir='ltr'>eo</span> <span class='ocrx_word' id='word_1_153' title='bbox 333 1559 460 1610; x_wconf 80' lang='lat' dir='ltr'>magis</span> <span class='ocrx_word' id='word_1_154' title='bbox 499 1559 657 1599; x_wconf 89' lang='lat' dir='ltr'>mirum</span> <span class='ocrx_word' id='word_1_155' title='bbox 687 1559 814 1599; x_wconf 87' lang='lat' dir='ltr'>videri</span> <span class='ocrx_word' id='word_1_156' title='bbox 845 1561 957 1601; x_wconf 88' lang='lat' dir='ltr'>debet</span> <span class='ocrx_word' id='word_1_157' title='bbox 979 1593 990 1612; x_wconf 91' lang='lat'>‚</span> <span class='ocrx_word' id='word_1_158' title='bbox 1023 1559 1099 1601; x_wconf 89' lang='lat' dir='ltr'>hoc</span> <span class='ocrx_word' id='word_1_159' title='bbox 1134 1576 1212 1603; x_wconf 87' lang='lat' dir='ltr'>non</span> <span class='ocrx_word' id='word_1_160' title='bbox 1234 1565 1340 1619; x_wconf 10' lang='lat' dir='ltr'>iem&gt;⁴</span> 
     </span>
     <span class='ocr_line' id='line_1_23' title="bbox 81 1621 1339 1679; baseline 0.003 -16"><span class='ocrx_word' id='word_1_161' title='bbox 81 1636 155 1679; x_wconf 87' lang='lat' dir='ltr'>per</span> <span class='ocrx_word' id='word_1_162' title='bbox 206 1623 366 1662; x_wconf 90' lang='lat' dir='ltr'>euenire</span> <span class='ocrx_word' id='word_1_163' title='bbox 416 1621 520 1675; x_wconf 77' lang='lat' dir='ltr'>posse</span> <span class='ocrx_word' id='word_1_164' title='bbox 550 1654 561 1673; x_wconf 93' lang='lat'>‚</span> <span class='ocrx_word' id='word_1_165' title='bbox 596 1622 777 1676; x_wconf 89' lang='lat' dir='ltr'>&#39;quando</span> <span class='ocrx_word' id='word_1_166' title='bbox 827 1625 942 1665; x_wconf 86' lang='lat' dir='ltr'>tubus</span> <span class='ocrx_word' id='word_1_167' title='bbox 995 1624 1035 1664; x_wconf 91' lang='lat' dir='ltr'>in</span> <span class='ocrx_word' id='word_1_168' title='bbox 1091 1625 1128 1665; x_wconf 63' lang='lat' dir='ltr'>fia</span> <span class='ocrx_word' id='word_1_169' title='bbox 1186 1628 1339 1667; x_wconf 87' lang='lat' dir='ltr'>rediens</span> 
     </span>
     <span class='ocr_line' id='line_1_24' title="bbox 82 1685 1336 1740; baseline 0.003 -12"><span class='ocrx_word' id='word_1_170' title='bbox 82 1686 252 1728; x_wconf 89' lang='lat' dir='ltr'>omnino</span> <span class='ocrx_word' id='word_1_171' title='bbox 285 1685 412 1727; x_wconf 85' lang='lat' dir='ltr'>fluido</span> <span class='ocrx_word' id='word_1_172' title='bbox 440 1686 493 1726; x_wconf 90' lang='lat' dir='ltr'>est</span> <span class='ocrx_word' id='word_1_173' title='bbox 526 1685 702 1740; x_wconf 85' lang='lat' dir='ltr'>repletus</span> <span class='ocrx_word' id='word_1_174' title='bbox 723 1717 734 1736; x_wconf 92' lang='lat'><strong>‚</strong></span> <span class='ocrx_word' id='word_1_175' title='bbox 768 1687 898 1728; x_wconf 80' lang='lat' dir='ltr'>adbuc</span> <span class='ocrx_word' id='word_1_176' title='bbox 933 1688 1058 1738; x_wconf 65' lang='lat' dir='ltr'>magis</span> <span class='ocrx_word' id='word_1_177' title='bbox 1089 1698 1224 1730; x_wconf 86' lang='lat' dir='ltr'>autem</span> <span class='ocrx_word' id='word_1_178' title='bbox 1258 1689 1336 1733; x_wconf 88' lang='lat' dir='ltr'>hoc</span> 
     </span>
     <span class='ocr_line' id='line_1_25' title="bbox 82 1742 1336 1805; baseline 0.004 -15"><span class='ocrx_word' id='word_1_179' title='bbox 82 1749 334 1805; x_wconf 81' lang='lat' dir='ltr'>paradoxum</span> <span class='ocrx_word' id='word_1_180' title='bbox 385 1749 592 1800; x_wconf 81' lang='lat' dir='ltr'>augebitur</span> <span class='ocrx_word' id='word_1_181' title='bbox 615 1780 627 1800; x_wconf 87' lang='lat'>‚</span> <span class='ocrx_word' id='word_1_182' title='bbox 676 1751 834 1804; x_wconf 87' lang='lat' dir='ltr'>quando</span> <span class='ocrx_word' id='word_1_183' title='bbox 883 1751 1089 1793; x_wconf 89' lang='lat' dir='ltr'>ostendero</span> <span class='ocrx_word' id='word_1_184' title='bbox 1135 1754 1182 1794; x_wconf 87' lang='lat' dir='ltr'>ad</span> <span class='ocrx_word' id='word_1_185' title='bbox 1216 1753 1256 1794; x_wconf 94' lang='lat' dir='ltr'>id</span> <span class='ocrx_word' id='word_1_186' title='bbox 1289 1742 1336 1795; x_wconf 79' lang='lat' dir='ltr'>vt</span> 
     </span>
     <span class='ocr_line' id='line_1_26' title="bbox 80 1812 1334 1870; baseline 0.003 -16"><span class='ocrx_word' id='word_1_187' title='bbox 80 1812 368 1870; x_wconf 82' lang='lat' dir='ltr'>aequilibrium</span> <span class='ocrx_word' id='word_1_188' title='bbox 408 1823 515 1855; x_wconf 84' lang='lat' dir='ltr'>certo</span> <span class='ocrx_word' id='word_1_189' title='bbox 553 1815 724 1855; x_wconf 89' lang='lat' dir='ltr'>obtineri</span> <span class='ocrx_word' id='word_1_190' title='bbox 774 1825 920 1869; x_wconf 82' lang='lat' dir='ltr'>queat,</span> <span class='ocrx_word' id='word_1_191' title='bbox 972 1815 1126 1870; x_wconf 84' lang='lat' dir='ltr'>requiri</span> <span class='ocrx_word' id='word_1_192' title='bbox 1181 1825 1230 1857; x_wconf 79' lang='lat' dir='ltr'>vt</span> <span class='ocrx_word' id='word_1_193' title='bbox 1287 1817 1334 1858; x_wconf 83' lang='lat' dir='ltr'>ad</span> 
     </span>
     <span class='ocr_line' id='line_1_27' title="bbox 59 1870 1333 1933; baseline 0.002 -16"><span class='ocrx_word' id='word_1_194' title='bbox 59 1870 311 1922; x_wconf 76' lang='lat' dir='ltr'>&#39;minimum</span> <span class='ocrx_word' id='word_1_195' title='bbox 364 1886 521 1919; x_wconf 87' lang='lat' dir='ltr'>certum</span> <span class='ocrx_word' id='word_1_196' title='bbox 575 1877 736 1932; x_wconf 82' lang='lat' dir='ltr'>aliquod</span> <span class='ocrx_word' id='word_1_197' title='bbox 775 1878 950 1933; x_wconf 83' lang='lat' dir='ltr'>spatium</span> <span class='ocrx_word' id='word_1_198' title='bbox 994 1885 1172 1920; x_wconf 82' lang='lat' dir='ltr'>vacuum</span> <span class='ocrx_word' id='word_1_199' title='bbox 1207 1879 1333 1921; x_wconf 88' lang='lat' dir='ltr'>relin-</span> 
     </span>
     <span class='ocr_line' id='line_1_28' title="bbox 62 1936 1333 1999; baseline 0.002 -19"><span class='ocrx_word' id='word_1_200' title='bbox 62 1936 230 1993; x_wconf 80' lang='lat' dir='ltr'>&#39;quatur</span> <span class='ocrx_word' id='word_1_201' title='bbox 252 1971 264 1990; x_wconf 87' lang='lat'>‚</span> <span class='ocrx_word' id='word_1_202' title='bbox 295 1944 408 1984; x_wconf 84' lang='lat' dir='ltr'>cuius</span> <span class='ocrx_word' id='word_1_203' title='bbox 442 1942 536 1982; x_wconf 86' lang='lat' dir='ltr'>adeo</span> <span class='ocrx_word' id='word_1_204' title='bbox 566 1944 832 1997; x_wconf 84' lang='lat' dir='ltr'>quantitatem</span> <span class='ocrx_word' id='word_1_205' title='bbox 865 1944 1009 1999; x_wconf 86' lang='lat' dir='ltr'>quouis</span> <span class='ocrx_word' id='word_1_206' title='bbox 1044 1944 1128 1984; x_wconf 82' lang='lat' dir='ltr'>casu</span> <span class='ocrx_word' id='word_1_207' title='bbox 1164 1938 1333 1996; x_wconf 75' lang='lat' dir='ltr'>assigna·-</span> 
     </span>
    </p>
   </div>
   <div class='ocr_carea' id='block_1_3' title="bbox 84 1998 1329 2129">
    <p class='ocr_par' dir='ltr' id='par_1_3' title="bbox 84 1998 1329 2129">
     <span class='ocr_line' id='line_1_29' title="bbox 84 1998 267 2045; baseline 0.011 -2"><span class='ocrx_word' id='word_1_208' title='bbox 84 2015 129 2044; x_wconf 83' lang='lat' dir='ltr'>re</span> <span class='ocrx_word' id='word_1_209' title='bbox 153 1998 267 2045; x_wconf 70' lang='lat' dir='ltr'>licet.</span> 
     </span>
     <span class='ocr_line' id='line_1_30' title="bbox 229 2069 1329 2129; baseline -0.001 -19"><span class='ocrx_word' id='word_1_210' title='bbox 229 2091 241 2114; x_wconf 78' lang='grc' dir='ltr'>ι</span> <span class='ocrx_word' id='word_1_211' title='bbox 473 2090 478 2096; x_wconf 85' lang='grc'><strong><em>·</em></strong></span> <span class='ocrx_word' id='word_1_212' title='bbox 651 2069 707 2112; x_wconf 87' lang='lat' dir='ltr'>Ii</span> <span class='ocrx_word' id='word_1_213' title='bbox 743 2083 766 2109; x_wconf 93' lang='lat'>2</span> <span class='ocrx_word' id='word_1_214' title='bbox 1153 2080 1222 2118; x_wconf 87' lang='lat'>27.</span> <span class='ocrx_word' id='word_1_215' title='bbox 1258 2070 1329 2129; x_wconf 79' lang='lat' dir='ltr'>His</span> 
     </span>
    </p>
   </div>
  </div>
 </body>
</html>
