1856 2653
504 209 597 250 394
692 194 1556 242 OBSERVATIONVM

817 303 1023 366 Mensis
1074 305 1429 386 September.

649 395 716 437 fx
768 396 896 451 p‘agis
947 409 991 445 4.
1044 395 1303 437 cardinalibus
1334 393 1522 435 omnibus
1553 390 1752 446 spiraeuere

500 460 610 500 venti
642 461 698 500 ita
720 490 733 511 ,
771 470 817 501 vt
849 470 889 500 et
923 459 998 500 hoc
1031 460 1162 499 mense
1196 458 1331 499 nullus
1361 458 1574 511 praecipue
1606 468 1750 508 regna-

498 533 572 562 ret.
609 523 762 563 Ventus
795 523 856 563 W
891 536 961 577 per
1001 535 1068 562 10.
1101 523 1196 563 dies.
1231 522 1387 562 Ventus
1411 522 1453 563 O
1487 531 1557 574 per
1578 525 1618 560 8.
1636 520 1749 559 Vena-

498 595 564 626 ms
596 585 623 628 S
653 598 723 640 per
757 589 801 626 6.
837 587 893 628 V.‡
922 587 979 629 N.
1016 597 1086 639 per
1120 599 1166 636 4.
1199 585 1280 626 dies
1313 586 1472 627 flauere.
1508 582 1748 626 Scilicetw

496 650 536 691 d.
572 661 613 690 2,
647 659 686 696 3.
722 656 764 691 6.
794 663 837 700 9.
876 661 945 700 15.
982 654 1052 691 16.
1094 660 1165 699 17.
1201 655 1268 691 18.
1305 653 1376 690 26.
1414 661 1488 697 27.

642 730 682 771 Ο
709 730 745 770 d.
784 741 820 769 1.
859 738 900 778 5.
940 739 980 779 7.
1015 735 1052 771 8.
1092 741 1163 770 10.
1201 741 1271 769 22.
1311 741 1382 778 23.
1421 741 1492 778 29.

637 801 669 845 S
701 802 739 844 d.
780 814 849 851 19.
884 813 956 841 20.
994 815 1066 843 21.
1103 815 1177 852 24.
1216 810 1287 850 25.
1326 812 1398 850 3ο.

640 870 687 912 N
718 872 755 912 d.
799 884 870 912 11.
909 882 1092 919 12013.
1131 883 1200 920 14.

639 941 755 985 Inter
795 941 870 985 hos
910 943 1019 984 fuere
1061 940 1322 985 vehementes
1362 957 1406 994 4.
1439 943 1598 986 Scilicet
1628 946 1669 985 d.
1704 955 1747 993 5.

492 1004 577 1056 03
613 1015 653 1048 et
683 1021 725 1056 4.
766 1007 803 1048 d.
843 1019 913 1046 20.
943 1006 1014 1055 S3
1049 1006 1088 1046 d.
1127 1016 1198 1055 25.
1230 1007 1300 1056 S3
1338 1017 1377 1048 et
1411 1009 1743 1057 4.d.26.W3.

643 1077 742 1119 Dies
773 1077 896 1118 sereni
930 1085 1042 1118 erant
1075 1089 1118 1124 9.
1154 1075 1208 1116 D.
1248 1090 1287 1116 2.
1326 1089 1366 1125 3.
1397 1091 1437 1127 4.
1480 1090 1550 1127 13.
1582 1091 1650 1128 14.
1677 1091 1744 1128 ¹9·-

493 1143 567 1180 26.
605 1149 676 1190 27.
717 1144 787 1181 28.

636 1209 828 1251 Altitudo
857 1222 979 1263 aquae
1013 1208 1176 1263 pluui'ae
1207 1222 1310 1260 :4
1343 1209 1465 1265 pon.-

641 1274 907 1323 Gr'andinauit
938 1283 974 1323 d.
1014 1294 1084 1331 13.
1123 1282 1164 1324 h.
1198 1296 1241 1332 4.
1276 1297 1314 1337 p.
1350 1297 1408 1323 m.

637 1359 714 1402 Iris
744 1360 1031 1412 elegantissima
1062 1362 1143 1402 sole
1176 1363 1355 1402 nondum
1388 1363 1506 1417 plane
1539 1372 1632 1407 orto
1669 1368 1741 1408 zd-

491 1425 625 1478 paruit
655 1425 691 1464 d.
731 1435 805 1471 23.

846 1527 1053 1589 Mensis
1117 1527 1389 1591 OEtober.

627 1619 783 1660 Ventus
818 1617 881 1660 W
915 1620 1123 1673 praecipue
1156 1620 1233 1661 hoc
1267 1623 1398 1662 mense
1431 1622 1633 1676 spirauit,
1662 1625 1739 1671 scis-

489 1681 581 1724 iicet
613 1696 683 1736 per
723 1680 808 1723 dies<
849 1685 918 1725 18'.
950 1682 1147 1725 Ceterum·
1179 1684 1296 1725 flauit
1327 1686 1366 1726 Ο
1399 1697 1471 1740 per
1503 1700 1551 1737 4,..
1585 1688 1627 1730 Ν
1662 1701 1740 1745 per

489 1756 514 1793 3
550 1755 590 1785 et
621 1746 647 1788 S
681 1758 840 1800 quoque
873 1759 943 1800 per
980 1759 1003 1795 3
1040 1747 1133 1788 dies.

624 1816 842 1859 Nimirum
884 1817 946 1860 W
987 1820 1023 1861 d.
1073 1833 1109 1861 1.
1146 1833 1186 1860 2.
1222 1832 1263 1869 3.
1299 1834 1342 1871 4.
1380 1832 1418 1870 5.
1450 1825 1494 1862 6.
1532 1831 1578 1872 7r
1611 1828 1650 1866 8.
1685 1836 1731 1874 9.

491 1891 559 1930 14.
602 1889 671 1928 15.
708 1886 779 1922 16.
820 1893 889 1932 17.
931 1894 1003 1931 23.
1039 1894 1110 1932 25.
1149 1885 1220 1924 26.
1256 1894 1326 1934 27.
1365 1892 1441 1927 282..

629 1958 669 2016 O
698 1963 738 2002 d.
776 1975 847 2012 19.
885 1974 956 2003 20.
995 1975 1063 2003 21.
1100 1975 1173 2012 31.
1209 1963 1253 2005 N
1286 1966 1322 2006 d.
1362 1975 1431 2005 11.
1473 1969 1544 2008 18.
1591 1978 1665 2008 22.
1703 1966 1736 2011 S

487 2037 557 2065 ω.
595 2036 667 2075 13.
704 2037 780 2075 30.

1593 2092 1730 2137 Vehe-
