1856 2653
290 192 642 239 FRIGORE
696 184 1247 236 ARTIFICIALI.
1315 203 1402 247 283

162 309 281 350 Effeci
304 339 315 359 ‚
369 316 415 348 vt
467 306 647 346 efflueret
698 315 784 358 pars
816 304 964 357 liquida
998 304 1255 344 inclinatione
1289 308 1372 347 tubi
1396 338 1409 359 ,

159 385 243 425 quo
275 371 375 413 {atsto
410 371 634 411 Mercurius
668 368 897 419 congelatus
929 370 969 407 in
1006 368 1077 412 hac
1123 379 1233 420 parte
1287 371 1409 410 tubu-

159 437 250 476 lum
305 434 611 488 repraesentabat
669 434 774 472 intus
833 445 979 472 cauum
1012 462 1023 482 ,
1086 441 1126 471 et
1190 432 1373 484 asperum
1396 464 1409 484 ,

158 499 312 538 effluxu
347 507 482 537 autem
519 497 714 539 Mercurii
750 495 869 546 altera
901 498 1136 536 extremitas
1185 495 1290 535 nihil
1339 509 1411 548 pa-

159 563 330 602 tiebatur
351 592 361 612 ‚
393 563 584 614 quoniam
621 560 734 614 plane
766 560 887 600 solida
918 568 1014 600 erat.
1081 559 1231 600 Eadem
1266 568 1412 599 euenta

157 626 453 666 obstruauimus
486 625 594 677 saepe
627 625 716 664 aliis
751 624 1024 664 instrumentis
1046 653 1057 672 ,
1107 623 1209 662 tubis
1251 621 1411 676 simpli-

158 691 267 730 cibus
300 699 339 729 et
373 688 498 739 globis
534 690 673 729 vitreis
709 688 917 730 Mercurio
949 687 1192 740 semiplenis·

303 816 581 856 phaenomena
615 816 803 856 hactenus
834 813 1021 856 recensita
1054 825 1159 853 nunc
1194 811 1323 853 adhuc
1341 812 1413 853 ad-

153 878 331 918 curatius
364 879 640 920 consideranda
673 888 816 929 erunt,
849 888 889 919 et
924 888 1122 931 quantum
1155 876 1265 918 fierie
1281 875 1408 930 potest

155 941 385 995 explicanda
407 971 418 991 ,
468 950 586 994 atque
618 954 719 996 quae
752 943 844 982 inde
893 942 1106 996 sequantur
1127 970 1138 990 ‚
1184 943 1413 996 expenden-

154 1006 265 1046 dum.
334 1005 522 1044 Primum
558 1007 646 1046 satls
680 1006 932 1047 manifestum
983 1005 1070 1055 est,
1118 1003 1250 1045 solum
1304 1002 1415 1042 calo-

154 1080 244 1109 rem
289 1067 364 1106 effe
411 1067 580 1108 causshm
634 1069 842 1108 fluiditatis
897 1069 1127 1118 Mercurii,
1177 1070 1238 1108 vti
1291 1077 1414 1120 aquae

158 1129 415 1180 aliorumque
448 1130 684 1169 fluidorum.
749 1132 870 1184 Quod
902 1130 931 1168 fi
969 1132 1095 1181 igitur
1122 1142 1268 1183 corpus
1289 1142 1413 1169 mun-

157 1194 199 1234 di
229 1193 401 1241 existat,
454 1191 521 1231 vbi
559 1202 690 1232 tantus
724 1191 885 1244 frigoris
919 1194 1063 1242 gradus
1121 1203 1260 1242 regnat
1282 1223 1294 1243 ,
1342 1192 1413 1246 qui

159 1256 417 1298 Mercurium
453 1254 626 1293 solidum
660 1255 752 1294 facit
773 1285 784 1305 ,
831 1254 1002 1293 dubium
1034 1255 1107 1294 effe
1139 1266 1220 1295 non
1254 1255 1380 1309 potest
1403 1285 1416 1306 ‚

155 1318 257 1371 quin
297 1317 523 1358 Mercurius
556 1329 676 1370 aeque
708 1316 881 1356 firmum
923 1328 1100 1369 corpus,
1149 1327 1195 1356 ac
1248 1317 1412 1358 metalla

154 1380 311 1433 reliqua
347 1381 389 1419 in
423 1378 570 1418 tellure
622 1380 750 1420 nostra
773 1411 784 1430 ,
830 1380 1017 1432 adparere
1049 1380 1197 1421 debeat.
1257 1379 1414 1421 Deinde

156 1452 267 1498 patet
303 1442 562 1483 Mercurium
596 1455 692 1481 vere
725 1452 765 1482 et
809 1443 973 1494 proprie
1024 1443 1327 1495 congelascere,
1374 1453 1419 1491 et¹

158 1509 200 1548 in
236 1506 405 1557 glaciem
442 1505 648 1557 propriam
681 1504 785 1544 abire
806 1535 818 1555 ‚
851 1508 1038 1558 quamuis
1070 1507 1215 1558 glacies
1250 1518 1413 1548 mercu-

157 1569 271 1610 rialis
304 1581 324 1608 a
359 1568 485 1619 glacie
518 1579 640 1621 aquae
664 1599 675 1620 ,
730 1567 1021 1622 liquorumque
1049 1582 1274 1623 aqueorum
1308 1584 1414 1624 quo-

159 1632 382 1674 dammodo
430 1630 593 1671 differat.
688 1631 778 1672 Idea
828 1631 1112 1685 congelationis
1167 1643 1272 1674 certe
1309 1635 1412 1676 nihil

160 1696 271 1737 aliud
307 1694 518 1743 inuoluit,
564 1705 605 1735 et
640 1694 851 1736 inuoluere
887 1699 1043 1750 potest,
1093 1709 1216 1751 quam
1270 1699 1413 1738 transi-

160 1769 252 1800 tum
283 1757 506 1799 fluidorum
539 1769 589 1798 ex
623 1759 721 1800 statu
757 1758 966 1802 fluiditatis
998 1765 1039 1803 in
1074 1762 1220 1802 statum
1277 1761 1413 1802 firmi-

159 1822 250 1864 tatis
281 1821 363 1862 fiue
398 1822 603 1863 soliditatis
633 1823 716 1865 solo
747 1824 897 1876 frigore
928 1825 1116 1865 effectum
1141 1855 1153 1877 ,
1202 1825 1311 1878 quod
1362 1837 1414 1865 ex

157 1886 347 1928 omnibus
382 1886 527 1927 casibus
560 1887 785 1940 specialibus
817 1898 858 1928 et
909 1888 1108 1943 exemplis
1157 1888 1413 1929 manifestum

159 1951 214 1991 est
234 1980 246 2000 ‚
295 1950 399 1990 vnde
434 1952 518 1991 idea
551 1951 691 2002 glaciei
727 1953 780 1993 est
813 1952 1009 1992 abstracta.
1108 1952 1252 2004 Aquae
1284 1961 1322 1991 et
1355 1952 1413 1992 li-

160 2024 305 2068 quores
353 2015 469 2068 aquei
518 2027 567 2056 an
598 2015 738 2056 valiam
787 2014 838 2056 ob
887 2017 1087 2058 rationem
1134 2015 1338 2067 congelata
1371 2025 1412 2056 et

207 2090 217 2095 ·
789 2078 833 2121 Ν
852 2091 880 2119 n
916 2091 941 2117 2
1266 2078 1412 2130 glacies
