1856 2653
350 178 1199 231 DESCRIPTIONES.
1294 202 1387 244 403

136 297 244 340 tandi
277 298 365 340 sunt
397 295 622 349 denticuli,
654 310 834 352 quorum
867 310 971 338 vnus
992 330 1004 349 ,
1046 299 1093 339 ab
1124 307 1297 354 Vtroque
1329 303 1388 343 la-

135 370 223 402 tere
279 363 497 404 retrorsum
531 362 702 415 {pest-ans
723 394 734 412 ,
787 364 826 402 in
859 363 1028 403 oculum
1060 366 1242 402 excurrit
1263 395 1273 414 ,
1305 366 1386 406 duo

134 425 204 465 alii
237 428 284 466 (lkl
325 427 406 465 oris
448 425 614 479 angulos
664 427 888 467 antrorsum
923 427 1031 466 ducti
1053 457 1063 476 ,
1097 427 1387 478 subtr-langula-

136 500 197 527 ηε
219 518 230 536 ‚
278 491 390 542 supra
441 499 479 527 et
530 490 634 529 intra
679 503 778 543 quos
808 502 934 531 cornu
970 488 1077 543 quasi
1111 491 1349 530 exai'c'atum
1376 521 1389 541 ,

134 553 491 606 marginffiusque,
536 553 631 593 hinc
665 564 706 594 et
738 554 827 594 inde
849 586 860 605 ,
893 554 1020 594 acutis
1052 553 1105 593 cst
1139 554 1384 594 distinctum.

135 615 379 667 Antemnae,
428 616 496 656 sub
526 616 602 658 bafi
633 617 826 658 denticuli
877 618 919 657 in
971 615 1108 659 oculos
1167 628 1389 657 excurren-

134 678 185 716 tis
208 709 220 728 ‚
254 680 530 732 prouenientes
552 711 564 731 ‚
598 692 618 719 e
653 681 802 734 septem
835 681 1010 722 constant
1039 680 1217 720 articulis
1239 710 1250 730 ,
1281 691 1389 732 quo-

130 752 229 780 rum
255 742 422 782 infimus
455 743 619 797 reliquis
654 743 772 797 longe
807 746 936 786 maior
966 753 1007 783 et
1039 743 1217 783 clauatus
1236 774 1247 793 ‚
1297 743 1388 782 sub-

129 804 331 859 sequentes
364 808 431 847 sex
464 819 562 847 vero
600 807 832 848 subrotundi
875 809 965 847 sunt
985 837 997 857 ,
1040 804 1192 847 horum
1226 807 1386 846 extimo

128 867 343 920 influunt,
393 882 472 923 ope
516 868 720 921 articuli,
775 868 962 910 lamellae
1014 878 1093 908 tres
1159 869 1386 921 oblongae,

126 929 275 985 fibique
306 932 484 972 inuicem
521 932 705 987 proxime
735 934 935 974 adstantes.
1000 931 1258 974 Antennulae
1283 933 1385 983 oris,

123 1006 226 1048 quae
264 1007 286 1036 a
327 994 412 1036 Cel.
447 995 594 1040 Linnaeo
627 995 736 1049 palpi
770 995 979 1037 nouiffime
1011 997 1202 1036 dicuntur
1229 1026 1243 1044 ‚
1279 1007 1383 1048 qua-

125 1066 219 1099 tuor
242 1088 254 1108 ,
306 1070 480 1110 quarum
529 1061 746 1098 exteriores
796 1060 1054 1099 interioribus
1108 1071 1254 1111 parum
1289 1056 1385 1098 lon-

126 1121 258 1172 giores
279 1149 291 1169 ‚
343 1133 365 1159 e
397 1129 602 1172 quatuor,
637 1119 844 1160 interiores
877 1133 898 1160 e
934 1121 1059 1160 tribus
1093 1130 1254 1162 tantum
1283 1133 1384 1161 con·

126 1184 337 1224 struuntur
367 1182 557 1224 articulis.
621 1184 687 1224 Ad
721 1185 803 1223 oris
836 1184 958 1225 latera
982 1214 995 1234 ‚
1037 1185 1152 1224 iuxta
1183 1195 1382 1224 anteimu-

125 1245 181 1286 las
203 1277 215 1297 ‚
252 1257 303 1286 ex
335 1246 519 1287 inferiore
551 1247 693 1298 capitis
733 1256 844 1299 parte
865 1278 877 1298 ‚
926 1247 1120 1300 vtrinque
1154 1248 1382 1299 porrigitur

123 1311 234 1350 furca
285 1309 475 1361 quaedam
503 1339 514 1358 ‚
564 1309 790 1349 antrorsum
842 1319 1069 1361 parumque
1103 1308 1258 1348 sursum
1293 1310 1383 1361 spe·

119 1371 262 1422 stans,
295 1369 546 1421 immobilis;
595 1370 711 1410 dente
739 1371 940 1410 exteriore
975 1371 1167 1411 interiore
1200 1372 1378 1424 maiore,

120 1435 262 1476 obtuso
281 1464 294 1484 ,
325 1433 366 1472 in
399 1432 557 1472 aduersa
591 1431 684 1472 facie
719 1431 839 1484 plano
862 1463 875 1483 ,
918 1433 957 1471 in
993 1434 1126 1473 auersa
1159 1447 1345 1475 connexo
1367 1464 1380 1486 ‚

121 1496 249 1538 altero
281 1497 345 1536 seu
381 1495 571 1536 interiore
604 1495 764 1536 minore
793 1504 835 1535 et
868 1495 1057 1536 acutiore.
1137 1496 1250 1537 Inter
1282 1499 1379 1537 duas

121 1558 235 1601 hasce
284 1559 411 1600 furcas
462 1555 648 1601 collocati
699 1558 790 1598 sunt
840 1557 977 1599 dentes
1005 1559 1089 1598 duo
1123 1560 1339 1600 iub-arcuati
1363 1591 1376 1612 ,

119 1623 226 1664 acuti
258 1631 300 1662 et
331 1621 585 1662 conniuentes
606 1653 619 1673 ,
650 1622 720 1675 qui
740 1653 752 1669 ,
801 1633 895 1662 cum
933 1621 1097 1665 mobiles
1134 1621 1212 1663 sint
1233 1655 1244 1675 ,
1294 1635 1377 1676 pro

119 1688 204 1729 oris
233 1684 411 1726 dentibus
444 1685 605 1739 proprie
638 1684 770 1725 haberi
806 1685 965 1738 poffenr.
1036 1685 1204 1727 Scutum
1240 1686 1342 1727 illud
1361 1717 1375 1739 ,

122 1751 232 1804 quod
265 1757 355 1789 ante
387 1749 484 1791 colli
516 1758 671 1802 partem
708 1748 949 1801 laeuigatam
972 1780 984 1799 ‚
1034 1749 1074 1789 in
1115 1749 1249 1791 cerno
1296 1763 1373 1789 νο·

122 1811 232 1854 laute
262 1811 471 1865 speculum
502 1813 632 1866 vulgo
663 1811 814 1853 dietam
835 1843 848 1861 ‚
886 1811 1008 1853 situm
1041 1811 1192 1853 obtinet
1213 1843 1225 1862 ‚
1272 1825 1377 1853 oua-

123 1883 222 1917 tum
271 1876 328 1916 est
372 1889 417 1917 ac
449 1876 742 1930 planiusculum
763 1907 776 1926 ,
827 1877 868 1916 in
901 1887 1087 1917 extremo
1118 1877 1155 1917 bi
1167 1875 1261 1916 ·vel
1297 1877 1376 1916 tri-

117 1939 373 1989 dentatum3
421 1939 450 1980 fi
485 1950 561 1981 tres
593 1942 730 1983 :idiunt
761 1940 987 1990 denticuli,
1035 1940 1118 1980 duo
1149 1940 1216 1981 fibi
1261 1939 1373 1978 inui-

118 2014 221 2047 cem
248 2012 514 2059 opponuntur
532 2034 547 2058 ,
596 2004 795 2048 anteriora
827 2003 1039 2057 spectantes
1060 2033 1074 2056 ‚
1123 2003 1264 2046 tertius
1295 2013 1371 2042 au-

724 2068 762 2113 E
777 2080 800 2109 e
816 2079 840 2108 e
870 2080 896 2109 2
1250 2075 1334 2107 tem
1355 2093 1369 2118 ,
