1856 2653
340 206 422 250 DE
489 205 658 249 MOTV
728 206 797 248 FL
801 205 1095 250 VIDoxvin.
1256 196 1341 260 2'33

86 320 266 363 curatior
299 322 482 363 euolutio
516 332 594 360 non
629 319 761 360 solum
814 321 1142 361 mathematicam
1196 321 1343 362 fluido-

83 397 180 424 rum
235 387 509 438 cognitionem
541 412 555 436 ,
601 384 661 423 sed
716 385 840 424 etiam
895 385 1105 439 physicam
1158 387 1342 425 maxime

84 448 359 502 amplificabit.

227 545 265 571 2.
300 530 407 573 Cum
443 529 547 569 olim
583 526 806 568 Tlicoriam
852 528 1075 583 aequilibrii
1115 529 1340 570 fluidorum

82 596 301 634 accuratius
337 594 600 648 perscrutarer
622 624 632 643 ,
668 591 894 633 luculenter
929 594 1075 634 ostendi
1112 606 1237 647 neque
1277 601 1340 632 at-

19 674 26 680 ·
85 658 363 712 mosphaeram
400 669 524 712 neque
563 656 699 696 vnum
736 655 845 696 aliud
880 657 1056 698 fluidum
1088 659 1129 696 in
1169 655 1340 709 aequili-

81 722 171 771 brio
221 723 425 764 confistere
476 720 611 774 poffe,
663 719 735 759 nisi
789 721 830 761 in
874 722 1029 774 paribus
1059 719 1339 760 altitudinibus

83 779 230 838 vbiq‘ue
265 789 370 829 idem
405 785 546 828 caloris
579 785 723 837 gradus
757 783 1092 838 deprehendatur.
1185 783 1339 838 Quodsi

40 888 49 903 «Χ
78 849 190 899 enim
224 852 273 891 de
304 850 431 890 fluido
463 849 579 900 graui
614 847 786 901 quaestio
820 849 1044 888 instituitur
1065 879 1076 899 ‚
1109 848 1154 887 ad
1190 848 1336 887 statum

77 912 302 966 aequilibrii
339 911 768 964 absolutorequiritur
791 942 801 960 ‚
862 922 910 953 vt
944 914 983 952 in
1015 910 1240 965 aequalibus
1276 910 1336 950 al-

79 974 316 1020 titudinibus
367 990 444 1017 non
499 975 632 1015 solum
686 974 827 1028 pressio
887 977 947 1018 sed
999 976 1123 1015 etiam
1171 974 1336 1015 densitas

77 1037 194 1080 fluidi
229 1041 374 1094 vbique
410 1039 458 1079 fit
490 1040 641 1079 cadem.
712 1039 921 1094 Quoniam
959 1040 1086 1091 igitur
1111 1031 1335 1080 fluidorum'

77 1101 239 1143 densitas
274 1117 295 1143 a
328 1102 456 1143 calore
508 1105 720 1151 vari-atur,
772 1104 967 1154 siquidem
1022 1117 1042 1142 a
1093 1103 1241 1152 frigore
1292 1104 1334 1142 in

78 1166 214 1205 minus
261 1166 435 1218 spatium
483 1165 846 1215 constringuntur,
898 1178 918 1205 a
973 1164 1102 1204 calore
1156 1176 1256 1206 vero
1290 1162 1333 1205 in

76 1228 207 1269 maius
249 1230 560 1282 expanduntur:
615 1227 738 1279 simul
786 1229 840 1267 est
894 1227 1112 1277 effictum,
1164 1228 1238 1287 nifi
1289 1231 1332 1268 in

73 1289 246 1344 paribus·
266 1291 543 1332 altitudinibus
576 1290 722 1342 vbique
759 1291 865 1329 idem
900 1289 1044 1329 caloris
1077 1290 1223 1341 gradus
1262 1292 1332 1332 vi-

70 1363 162 1406 geat
184 1385 195 1404 ‚
229 1354 514 1408 aequilibrium
548 1351 718 1393 omnino
754 1350 891 1392 locum
926 1351 1070 1392 habere
1104 1365 1182 1392 non
1214 1356 1347 1410 posse.-

68 1419 208 1472 Atque
258 1418 300 1457 in
355 1417 432 1459 hoc
482 1415 684 1468 principio
736 1429 817 1456 non
852 1416 1033 1456 dubitaui
1071 1417 1330 1470 praecipuam

70 1491 295 1522 ventorum
330 1484 486 1521 causam
523 1479 784 1528 constituere,
818 1491 914 1518 cum
949 1480 1081 1518 statIm
1116 1489 1233 1533 atque
1268 1492 1331 1522 at-

71 1543 307 1598 mosphaera
360 1545 399 1583 in
452 1541 643 1595 qnapiirn
692 1542 855 1593 regione
907 1533 1106 1582 maiorem
1150 1543 1327 1585 calorem

69 1609 245 1661 concipit
278 1620 401 1661 qnam
436 1606 475 1645 in
497 1604 706 1657 finitimis,
741 1606 790 1650 ob
823 1603 1021 1648 sublatum
1039 1604 1329 1687 aequilibrium

71 1671 280 1714 neceffario
316 1681 457 1713 ventus
488 1665 622 1710 debeat
655 1670 766 1713 oriri.

195 1793 264 1830 3.
300 1778 540 1821 Cuiusmodi
573 1790 711 1822 autem
747 1790 882 1823 motus
912 1781 958 1838 in
998 1781 1126 1824 fluido
1148 1815 1159 1834 ‚
1208 1774 1325 1825 'cuius

72 1852 202 1900 partes
235 1856 357 1898 aeque
388 1843 565 1884 eleuatae
595 1846 750 1886 diuerso
793 1845 945 1886 caloris
987 1848 1110 1898 gradu
1160 1847 1341 1904 perfunr

69 1901 255 1959 duntur,
307 1912 352 1951 ab
403 1906 474 1947 hac
517 1908 604 1961 ipsa
656 1907 764 1950 causi
815 1910 978 1963 produci
1019 1911 1183 1960 debeat,
1233 1919 1322 1951 tum

71 1973 268 2026 temporis
317 1970 481 2012 definire
529 1985 608 2012 non
659 1974 748 2014 sum
800 1975 943 2023 ausus;
996 1974 1322 2027 quandoquidem

72 2031 168 2084 haec
203 2036 457 2087 inuestigatio
491 2035 718 2079 vberiorern
754 2047 892 2079 motus
922 2037 1194 2088 cognitionem
1246 2050 1322 2090 po·

74 2098 77 2113 ²
134 2097 642 2142 T6m.X1.Nou‚Comm.
842 2099 926 2152 Gg
1178 2099 1320 2143 stulare
