1856 2653
343 209 892 261 METEOROLOGICAE
942 213 994 255 A.
1049 224 1179 264 1742.
1304 228 1392 267 349

278 330 465 385 Denique
498 328 733 370 adiiciemus
765 327 921 379 aliquot
955 327 1245 368 obseruationes
1283 332 1400 371 baro-

142 396 326 436 metricas
358 408 457 449 quae
492 395 692 434 initinerc
728 391 1025 432 Werchoturia
1059 391 1337 435 Solikamiuiu
1358 395 1400 435 in

143 459 240 500 locis
263 493 274 512 ,
309 458 495 514 Riphaeis
529 457 734 501 montibus
770 456 913 497 vicinis
947 456 1067 497 factae
1100 457 1201 497 sunt.

290 559 524 602 Decembris
575 554 631 607 4¹⁰
676 557 723 597 ab
763 554 804 596 h.
841 562 879 598 8.
918 569 951 598 a.
988 571 1042 599 m.
1077 560 1123 601 ad
1162 560 1234 599 2⁶”2
1266 573 1306 614 p.
1342 571 1399 598 m.

142 625 185 664 in
215 624 308 666 vico
342 626 464 676 Kyria
497 623 544 663 ad
583 634 746 662 amnem
780 622 958 664 ciusdem
989 624 1168 664 nominis
1201 636 1252 665 ex
1285 622 1399 665 occi-

141 689 257 728 dente
287 689 564 743 Riphaeorum
601 686 809 727 montium
847 689 922 729 sito
973 687 1233 729 altitudinem
1283 688 1399 728 baro-

142 754 356 793 metricam
405 758 546 793 2:26.
572 764 626 791 20
682 752 911 793 Obseruauit
963 750 1157 794 Mullerus
1209 750 1286 792 Vir
1337 749 1402 793 Cl.

140 815 238 859 Dec.
280 829 334 857 10
370 817 562 859 Gmelinus
598 815 639 855 in
672 814 843 869 Spaskoe
875 815 969 856 Selo
1014 814 1272 857 altitudinem
1323 816 1403 856 bar.

143 885 216 921 26.
238 890 295 929 95
336 882 495 922 notauit
515 911 526 931 ‚
563 890 665 932 quae
695 887 783 920 toto
812 880 897 924 die*
923 877 971 920 ad
1011 880 1187 920 mediam
1240 880 1401 923 noctem

139 945 276 985 eadem
311 944 500 984 manebat.
566 941 624 982 D.
667 954 736 984 11.
773 944 814 984 in
850 943 1109 985 hibernaculo
1141 944 1404 998 Podpauden-

141 1008 171 1048 si
204 1008 250 1048 ab
283 1006 324 1046 h.
360 1021 402 1057 4.
439 1021 471 1047 a.
506 1021 561 1048 m.
593 1007 640 1047 ad
682 1003 767 1045 6¹⁰⁷*
804 1021 839 1052 a.
897 1021 952 1049 m.
1006 1007 1181 1049 altitudo
1234 1013 1306 1051 26.
1331 1014 1402 1058 83.

142 1073 195 1112 est
228 1071 478 1124 deprehensa.
574 1070 730 1109 Eodem
765 1072 828 1111 die
860 1071 906 1112 ab
941 1070 981 1111 h.
1018 1085 1046 1120 9
1083 1075 1129 1113 ad
1169 1084 1240 1112 11.
1274 1086 1306 1114 a.
1344 1085 1400 1113 m.

144 1134 186 1174 in
217 1136 376 1174 summa
410 1132 623 1173 altitudine
658 1132 817 1173 Raudae
848 1136 998 1174 montis
1020 1165 1031 1185 ‚
1082 1136 1129 1175 ad
1160 1148 1283 1188 quam
1334 1139 1401 1178 via

142 1199 254 1239 ducit
277 1229 288 1248 ,
338 1209 440 1250 quae
487 1197 542 1237 est
576 1195 693 1236 tertia
723 1197 882 1238 circiter
912 1199 1036 1238 totius
1071 1199 1222 1239 montis
1255 1199 1405 1241 altitu-

143 1262 249 1302 dinis
279 1273 368 1314 pars
389 1292 400 1313 ‚
433 1261 510 1300 fuit
542 1258 610 1298 alt.
647 1259 724 1299 bar.
758 1271 895 1309 :252
920 1272 992 1309 32.
1066 1260 1116 1300 In
1150 1263 1279 1313 Kyria
1311 1264 1406 1307 vico

143 1326 286 1367 eodem
317 1325 381 1366 die
413 1324 460 1365 ab
493 1321 534 1367 h.
569 1333 612 1371 4.
645 1336 685 1377 p.
719 1335 777 1365 m.
814 1325 862 1365 ad
892 1323 934 1364 h.
965 1329 1402 1381 10.p.m.:26.02.

710 2119 755 2160 X
773 2130 802 2160 x
837 2130 860 2170 3
1210 2119 1405 2164 EPITo-
