1856 2653
342 1583 430 1618 Tab.
458 1585 500 1617 II.

339 1635 411 1678 Fig.
432 1647 460 1668 1.
481 1645 513 1668 2.

386 1695 419 1729 3.
444 1696 478 1729 4.

525 273 613 312 104
899 260 1339 306 SOLVTIO

524 374 728 415 tiss-acient.
802 375 906 417 Hinc
938 377 1063 427 igitur
1095 384 1270 428 quatuor
1303 377 1506 417 nascentur
1541 373 1769 429 problema-

525 448 563 479 ta
585 470 595 490 ‚
631 449 752 492 prout
786 442 971 494 quodque
1002 451 1148 480 eorum
1182 451 1355 494 quatuor
1390 441 1661 496 punctorum,
1696 452 1773 493 pro

525 503 718 554 trianguli
752 505 1085 545 determinatione
1119 506 1475 558 praetermittitur,
1508 517 1608 558 quae
1624 516 1770 557 quem-

523 567 743 607 admodum
778 568 1102 610 commodiffime
1134 569 1280 610 resolui
1315 579 1460 624 queant
1482 601 1493 622 ‚
1526 569 1593 609 hic
1641 569 1768 609 osten-

522 630 613 670 dere
647 633 842 673 constitui.

672 737 710 773 3.
746 728 996 768 Problemata
1030 740 1167 769 autem
1203 727 1296 768 haec
1330 729 1462 770 solutu
1498 725 1572 767 effe
1605 724 1770 767 difficil-

525 785 655 838 lima,
689 802 790 830 mox
821 794 1052 845 experietur
1074 825 1085 844 ,
1119 795 1349 847 qu'cunque
1382 805 1426 833 ea
1460 791 1580 833 fuerit
1613 802 1774 842 aggres-

523 851 614 902 sus,
647 865 743 892 cum
778 855 852 894 vix
887 857 1162 908 perspiciatur,
1191 857 1420 897 cuiusmodi
1453 855 1690 910 quantitates
1710 855 1775 894 in-

524 916 704 966 cognitas
737 918 778 956 in
810 918 1011 959 calculum
1048 921 1246 961 introduci
1281 929 1464 974 oporteat
1486 952 1496 971 ,
1548 927 1596 958 vt
1635 916 1774 959 saltem

525 979 573 1018 ad
623 982 872 1033 aequationes
921 983 1162 1025 solutionem
1210 986 1453 1025 continentes
1505 982 1775 1035 perueniatur.

524 1042 686 1084 Totum
720 1056 817 1097 ergo
852 1049 1065 1099 negotium
1100 1049 1146 1089 ad
1180 1048 1363 1089 idoneam
1399 1046 1676 1101 quantitatum
1711 1045 1776 1084 in-

525 1107 782 1158 cognitarum
817 1111 1055 1153 electionem
1089 1113 1295 1154 reducitur
1318 1144 1328 1163 ‚
1364 1113 1406 1151 in
1439 1123 1522 1164 quo
1555 1110 1595 1149 id
1626 1108 1774 1161 impri-

526 1170 606 1209 mis
641 1173 692 1211 est
722 1175 947 1212 cauendum
968 1205 980 1224 ,
1034 1187 1083 1212 ne
1118 1178 1158 1214 in
1201 1175 1374 1214 calculos
1408 1172 1704 1214 taediofiffimos
1737 1179 1777 1211 et

522 1233 695 1274 omnino
729 1234 1019 1277 inextricabiles
1052 1235 1295 1277 delabamur.
1361 1235 1477 1275 Tum
1511 1246 1610 1275 vero
1640 1235 1780 1275 omni-

523 1295 595 1335 bus
643 1297 949 1337 difficultatibus
999 1298 1160 1339 feliciter
1210 1300 1402 1351 superatis
1453 1297 1624 1351 infignes
1658 1310 1778 1352 quae-

524 1358 618 1399 dam
653 1359 876 1401 affectiones
908 1361 1013 1402 inter
1048 1360 1118 1402 illa
1150 1370 1325 1415 quatuor
1358 1361 1505 1414 puncta
1540 1362 1576 1400 se
1595 1362 1780 1413 prodent,

525 1435 703 1477 quarum
743 1425 921 1476 cognitio
954 1426 996 1466 in
1031 1424 1266 1468 Geometria
1297 1423 1405 1466 haud
1440 1423 1540 1464 leuis
1576 1426 1778 1465 momenti

524 1488 579 1527 est
611 1488 806 1530 censenda.

675 1595 717 1630 4.
751 1581 818 1622 Ne
852 1580 1006 1634 figurae
1038 1581 1166 1623 nimia
1198 1579 1401 1620 linearum
1436 1580 1478 1620 in
1527 1581 1577 1620 iis
1626 1581 1776 1622 ducen-

528 1644 674 1685 darum
727 1645 992 1686 multitudine
1040 1655 1256 1687 onerentur
1283 1676 1294 1695 ,
1352 1644 1461 1685 {dem
1521 1644 1776 1697 triangulum

529 1709 658 1752 ΑΒΕ
691 1719 831 1762 quater
865 1709 1064 1763 exhibeo,
1113 1711 1154 1750 in
1197 1710 1335 1763 primo
1377 1706 1523 1749 scilicet
1561 1706 1663 1763 (fig.
1704 1710 1777 1760 1;)

529 1774 659 1814 rectae
676 1772 893 1825 AM,BN
928 1784 967 1815 et
1001 1774 1091 1816 CN
1125 1775 1167 1813 in
1203 1772 1322 1814 latera
1353 1771 1535 1827 opposita
1566 1773 1657 1814 sunt
1681 1785 1757 1814 nor

529 1836 654 1877 males
676 1868 686 1888 ‚
735 1850 955 1891 earumque
996 1837 1316 1880 intersectionem
1348 1838 1481 1878 littera
1513 1837 1551 1878 E
1584 1837 1745 1888 designo
1765 1865 1777 1886 ‚

529 1901 599 1942 vbi
636 1903 822 1955 primum
858 1901 983 1942 situm
1021 1904 1074 1944 est
1123 1902 1323 1956 punctum
1372 1913 1518 1942 eorum
1569 1910 1776 1954 quatuor,

531 1977 632 2018 quae
665 1967 1002 2008 commemoraui.
1068 1967 1116 2008 In
1152 1966 1315 2007 secunda
1349 1965 1480 2018 figura
1514 1964 1640 2006 rectae
1675 1964 1777 2016 Aa,

533 2029 599 2071 Bb
633 2039 672 2070 et
705 2029 767 2071 Cc
799 2031 920 2070 latera
950 2031 1130 2085 opposita
1162 2030 1327 2071 bisecant
1347 2063 1357 2083 ,
1398 2042 1574 2084 quarum
1614 2029 1778 2069 interse-

532 2093 708 2134 &ionem
758 2094 904 2134 indicat
939 2096 1136 2148 punctum
1172 2096 1203 2136 F
1239 2097 1454 2135 secunjum
1476 2125 1486 2145 ‚
1521 2095 1569 2134 de
1601 2103 1776 2147 quatuor

533 2156 617 2199 illis
657 2159 817 2213 punctis
851 2161 1086 2200 memoratis
1118 2169 1158 2200 et
1189 2169 1374 2200 centrum
1410 2157 1618 2210 grauitatis
1650 2158 1776 2198 trian-

1675 2217 1774 2273 guli.
