1856 2653
486 203 578 242 390
678 189 1574 239 OBSERVATIONVMr

633 305 787 346 Ventus
822 304 846 347 S
879 319 1039 360 quoque
1073 320 1142 361 per
1174 310 1254 351 dies
1293 316 1325 351 8.
1365 310 1399 350 d.
1442 315 1510 350 18.
1547 323 1614 357 22,
1654 324 1725 362 23.

487 378 559 417 25.
595 373 668 410 26.
709 381 777 419 27.
817 378 885 410 28.
925 384 997 419 29.

633 449 786 488 Ventus
819 448 857 487 O
893 449 1027 488 nunus
1062 458 1100 489 et
1132 450 1209 492 hoc
1243 451 1383 492 mense.

628 517 740 558 Inter
792 517 865 559 hos
911 520 993 560 duo
1024 523 1136 564 venti
1169 523 1487 564 vehementiores
1521 522 1559 563 d.
1597 524 1655 560 16
1690 528 1730 563 et

485 590 552 630 17·
588 580 613 624 S
633 582 694 623 W
708 595 745 631 3.

627 665 820 707 Altitudo
852 679 975 721 aquae
1010 667 1173 721 pluuiae
1208 682 1262 708 :1
1283 683 1311 719 4
1345 669 1415 709 lin.

632 736 816 777 Nebulae.
843 739 977 778 densae
1009 740 1045 781 d.
1091 752 1139 788 19
1176 750 1214 779 et
1253 746 1321 780 28.
1358 750 1485 779 manc.

629 812 827 854 Craffities
860 813 1000 864 glaciei
1038 814 1177 855 Neuae
1214 815 1393 856 fluminis
1428 807 1610 855 maxima
1650 810 1729 854 hoc

478 887 583 917 anno
630 877 896 930 reperiebatur
946 891 1000 917 z
1022 881 1079 917 26
1135 876 1232 932 poll.
1279 879 1406 919 Lond.
1441 877 1642 920 ordinaria
1674 876 1728 917 est

476 942 557 980 fere
593 943 666 981 28.
1215 992 1218 995 .

845 1012 1053 1073 Menfis
1115 1015 1337 1095 Aprilis,

626 1109 1050 1163 Ventivtplurimum
1072 1110 1269 1162 spirauere
1300 1122 1350 1150 ex
1384 1108 1411 1151 S
1446 1119 1486 1150 et
1520 1107 1579 1150 N.
1614 1103 1726 1149 Ven-'

473 1182 538 1215 tus
568 1170 595 1216 S
628 1174 704 1214 fuit
737 1184 808 1226 per
849 1187 919 1214 12.
952 1173 1033 1214 dies
1064 1185 1210 1228 nempe
1245 1187 1284 1214 2.
1318 1184 1357 1222 3.
1393 1176 1436 1214 6.
1470 1183 1512 1223 7.
1551 1184 1620 1212 11.
1654 1183 1721 1212 12.

479 1249 550 1287 19.
586 1250 657 1279 20.
694 1248 765 1277 21.
804 1250 874 1277 22.
912 1248 986 1285 23.
1022 1250 1092 1286 24.
1699 1244 1702 1245 ’

622 1321 667 1363 Ν
708 1328 748 1360 et
787 1319 902 1361 NW
946 1331 1017 1372 per
1063 1330 1134 1358 10.
1167 1318 1248 1360 dies
1280 1319 1316 1360 d.
1353 1330 1397 1368 9.
1438 1329 1506 1361 10.
1546 1326 1615 1368 ις.
1651 1319 1722 1360 16.

480 1394 551 1436 ¹7·
591 1390 660 1426 18.
698 1393 770 1432 27.
806 1387 878 1424 28.
912 1394 985 1430 29.
1024 1393 1094 1430 30.

620 1462 684 1504 W
715 1462 755 1502 d.
792 1471 832 1499 ι.
866 1471 909 1510 4.
947 1466 986 1507 5.
1027 1462 1065 1499 8.
1106 1466 1177 1504 13·
1225 1466 1294 1504 14.
1350 1466 1424 1504 25-
1481 1461 1554 1499 26.
1606 1459 1724 1512 Ergo

477 1531 516 1570 ι
546 1527 584 1578 d.
618 1588 733 1632 Inter
764 1584 843 1630 hoc
874 1583 1197 1629 vehementiores
1229 1582 1309 1624 duo
1339 1590 1453 1623 erant
1484 1582 1521 1624 d.
1556 1596 1600 1634 4.
1619 1585 1718 1636 W3

473 1655 512 1698 d.
548 1666 618 1705 13.
652 1656 764 1702 Wa.

621 1736 720 1779 Dies
769 1737 895 1779 sereni
937 1741 1050 1774 erant
1092 1737 1162 1774 18.
1195 1731 1340 1774 scilicet
1375 1743 1412 1772 1.
1449 1744 1490 1772 2.
1527 1743 1567 1780 3.
1603 1741 1642 1781 5.
1676 1732 1720 1772 6.

474 1811 517 1852 7.
557 1813 628 1842 10.
667 1811 737 1840 11.
779 1811 849 1848 14.
884 1808 952 1848 ις.
986 1800 1058 1837 16.
1095 1808 1164 1845 19.
1204 1808 1275 1836 20.
1312 1807 1382 1835 21.
1419 1807 1490 1835 22.
1528 1807 1600 1844 24.
1647 1796 1719 1834 26.

473 1877 549 1916 30.
584 1864 749 1919 ideoque
778 1861 888 1905 vltra
933 1861 1110 1902 mensem
1158 1859 1380 1901 dimidium
1427 1859 1586 1902 coelum
1636 1864 1723 1898 erat

467 1928 662 1972 serenum.
735 1964 737 1966 .

608 2004 798 2048 Primum
833 2002 989 2046 tonitru
1022 1999 1061 2043 d.
1096 2006 1166 2043 28.

1569 2079 1712 2124 Nebu-
