1856 2653
478 186 576 231 404
765 172 1438 232 INSECTORVM

477 301 595 343 tem,
645 289 726 332 istis
773 291 932 332 breuior
960 319 972 341 ‚
1023 290 1286 344 deorsumque
1338 288 1466 343 magis
1516 298 1686 343 vergens
1709 315 1728 343 ,

479 364 669 409 tanquam
702 353 901 396 solitarins
921 384 932 404 ‚
966 355 1008 394 in
1043 355 1173 405 media
1206 364 1247 394 et
1278 354 1436 395 summa
1471 350 1592 407 huius
1622 354 1723 406 scuti

478 428 591 473 parte
636 419 813 472 ponitur.
909 418 1119 459 Interdum
1166 419 1289 458 etiam
1330 417 1397 456 hic
1432 418 1574 457 tertius
1608 417 1724 471 plane

477 482 622 522 deficit.
720 482 842 523 Oculi
891 482 1162 536 prominentes
1181 511 1193 532 ‚
1239 493 1278 528 e,
1309 481 1439 534 griseo
1471 480 1565 520 fusci
1587 510 1599 532 ‚
1648 479 1722 534 pisi

477 546 643 587 maioris
676 546 964 598 magnitudine.
1033 545 1201 586 Thorax
1234 546 1364 598 capite
1395 542 1693 601 mu1t03maior
1713 574 1731 596 ‚

474 607 590 649 valde
621 621 823 651 conuexus
843 641 856 662 ,
896 611 938 650 in
972 609 1105 656 medio
1137 608 1179 648 in
1215 610 1328 649 tuber
1359 607 1556 648 mediocre
1590 606 1725 648 eleua-

477 682 543 712 tus
570 702 583 724 ‚
616 675 799 725 margine
832 674 993 724 antico,
1024 685 1107 726 quo
1137 682 1256 724 caput
1288 672 1439 724 excipit
1459 701 1471 722 ‚
1516 672 1596 712 late
1628 684 1725 727 pro-

476 736 655 777 minente
676 767 689 789 ,
722 737 907 778 lateribus
943 736 1083 777 itidem
1119 735 1352 788 marginatis
1375 764 1386 783 ,
1419 734 1479 779 sed
1509 735 1726 786 angustius,

477 800 662 851 margine
693 800 842 853 postico
875 802 950 840 vix
982 798 1208 839 notabiliter
1241 798 1436 839 distincto.
1527 797 1725 849 Thoracis

476 872 626 906 cornua
647 892 659 912 ,
710 874 811 915 quae
844 863 891 903 ad
924 860 1047 901 latera
1078 862 1198 912 sunt,
1246 861 1476 903 antrorsum
1511 861 1727 914 porrecta,

477 935 502 971 e
533 924 670 974 latiori
702 923 779 966 basi
813 926 856 976 in
890 925 1078 976 obtusum
1108 925 1263 978 apicem
1295 925 1507 964 terminata
1526 953 1540 974 ‚
1590 924 1726 975 diuer-

475 990 610 1039 gentia
630 1019 641 1039 ,
674 987 753 1030 lata
784 987 914 1040 magis
933 1017 945 1039 ‚
975 1000 1097 1042 quam
1130 988 1244 1029 craffa
1266 1018 1278 1038 ‚
1309 996 1350 1027 et
1379 988 1425 1034 ab
1458 996 1633 1039 Vtroque
1663 987 1726 1035 la-

474 1058 559 1090 tere
589 1051 632 1091 in
665 1053 866 1102 margines
904 1053 1111 1096 adtenuata
1131 1079 1144 1100 ,
1191 1062 1370 1102 quprum
1422 1050 1597 1089 exterior
1647 1050 1725 1094 du·-¹

474 1111 592 1153 istum
625 1113 802 1166 sequitur
855 1114 1002 1154 leuiter
1054 1123 1282 1160 connexum
1304 1141 1316 1162 ‚
1365 1112 1533 1161 interior
1584 1123 1728 1163 conca-q

473 1187 592 1217 vum.
655 1176 840 1231 Desuper
885 1188 1012 1230 prona
1061 1186 1265 1217 cornuum
1305 1173 1530 1228 superficies
1561 1174 1728 1225 subeon„>

472 1249 575 1285 vexa
598 1269 610 1289 ‚
638 1240 777 1293 supina
810 1238 1052 1293 planiuscula
1081 1239 1146 1279 est.
1210 1238 1439 1285 Scutellum
1465 1238 1731 1293 triangulare,

475 1302 525 1343 ad
555 1301 660 1343 basin
692 1303 883 1343 vestitum
916 1302 1012 1355 pilis
1033 1332 1045 1352 ,
1078 1303 1233 1354 apicem
1266 1303 1402 1349 versus
1434 1301 1560 1343 laeue.

620 1426 771 1477 Elytra
817 1426 1063 1466 subconuexa
1091 1455 1103 1476 ‚
1156 1425 1378 1474 marginata
1408 1456 1420 1475 ,
1470 1424 1725 1480 longitudine

474 1488 698 1530 abdominis
719 1519 732 1541 ,
783 1488 830 1533 ad
869 1486 973 1528 basin
994 1517 1007 1538 ,
1056 1488 1171 1527 iuxta
1204 1486 1402 1537 angulum
1437 1487 1619 1540 ipsorum
1652 1501 1730 1541 (ὶδιᾳ

474 1559 639 1593 ternum
672 1552 714 1592 in
749 1551 863 1593 tuber
896 1562 1040 1604 parum
1072 1549 1308 1601 elongatum
1354 1549 1506 1590 eleuata
1528 1581 1540 1602 ‚
1591 1553 1726 1594 tubere

475 1615 581 1667 illo,
633 1616 740 1670 quod
773 1616 813 1656 in
848 1613 1024 1656 thoracis
1055 1613 1192 1664 medio
1223 1614 1277 1664 est
1300 1643 1312 1663 ‚
1362 1615 1493 1664 maius
1524 1616 1686 1668 quidem
1711 1643 1723 1669 ‚

473 1678 597 1731 elytri
649 1689 783 1725 tamen
833 1679 1057 1730 marginem
1110 1677 1317 1724 lateralem
1368 1677 1475 1728 haud
1505 1678 1723 1732 adtingens.

474 1741 539 1784 Sic
572 1753 729 1795 quoque
762 1741 873 1781 aliud
893 1771 904 1791 ,
953 1741 1087 1785 versus
1136 1739 1367 1792 elytrorum
1417 1743 1727 1796 extremitates,

473 1805 586 1846 iuxta
622 1804 948 1857 commissuram,
976 1805 1137 1852 interno
1168 1804 1340 1856 margini
1373 1806 1564 1859 propius,
1596 1818 1724 1859 quam-

473 1878 645 1915 externo
663 1898 676 1919 ‚
708 1879 730 1906 e
762 1868 926 1922 planitie
956 1868 1095 1915 senfim
1128 1868 1305 1920 adsurgit
1343 1869 1455 1919 tuber
1475 1900 1487 1920 ,
1532 1867 1610 1914 illo
1657 1879 1725 1921 taf-

474 1944 571 1974 men
592 1962 603 1983 ,
652 1931 759 1985 quod
790 1936 836 1976 ad
866 1931 1095 1983 elytrorum
1126 1931 1230 1979 bafin
1265 1929 1316 1981 est
1334 1962 1345 1983 ‚
1396 1934 1533 1981 minus
1562 1933 1727 1986 Psomi:

471 2007 567 2041 nens
586 2024 601 2048 ,
630 1995 845 2051 minusque
876 1996 1121 2041 distinctum.
1204 1995 1282 2045 Pro
1310 1996 1725 2057 recipiendo‚scutelg.

1642 2058 1686 2102 lo
1705 2092 1721 2115 ,
