1856 2653
280 240 362 289 DE
398 238 864 288 CONGELATIONE
901 238 1203 283 MERCVRII.
1277 256 1360 291 311

127 366 370 408 momento,
417 369 492 398 non
545 350 784 403 successim,
831 352 924 393 hinc
975 365 1055 393 non
1118 354 1241 405 potest
1297 365 1376 392 non

127 423 320 463 Mercurii
355 421 545 461 deicensus
578 427 672 458 cum
710 418 807 458 saltu
848 417 1055 471 praecipiti
1090 414 1209 469 sequi.
1278 415 1373 455 Mo-

125 486 197 525 dus
235 487 359 536 igitur
393 481 680 535 congelascendi
712 482 888 523 diuersus
930 482 972 520 in
1022 479 1189 520 diuersis
1240 478 1376 518 fluidis

126 548 178 588 est
201 580 212 598 ,
245 550 343 588 dum
377 548 416 587 in
450 548 539 587 aliis
571 545 678 599 quasi
711 546 752 584 in
802 545 956 586 instanti
981 575 991 595 ‚
1042 545 1083 582 in
1138 543 1227 585 aliis
1277 553 1377 583 vero

126 612 332 652 succcffiuc
365 611 450 651 fieri
486 610 596 651 solet.
689 609 794 664 Quis
826 610 935 649 enim
983 609 1140 659 ignorat
1190 604 1376 657 congela-

128 675 249 714 tionis
300 678 467 716 modum
519 673 592 713 effe
643 673 773 713 alium
826 674 865 713 in
917 671 1119 725 spiritibus
1167 680 1207 710 et
1240 670 1379 720 vitm,

128 738 258 778 alium
313 740 352 778 in
403 738 503 778 olcis
551 747 591 776 ct
640 739 784 790 aquis,
834 737 963 777 alium
1020 736 1061 774 in
1097 733 1271 773 metallis
1304 742 1379 772 etc.

130 801 287 841 Eodem
327 807 448 841 motio
477 810 516 840 et
550 799 741 851 regem-,0
772 801 813 839 in
849 796 1016 839 diuerfis
1057 797 1274 849 congelatis
1325 797 1381 837 est

127 864 278 904 diuortii
301 896 311 913 ‚
345 867 466 906 modo
499 865 700 904 succefliua
721 892 733 911 ‚
764 862 913 902 tardior
934 892 945 911 ,
980 860 1201 902 celeriorue
1224 893 1236 913 ‚
1291 871 1384 900 mo-

119 927 178 967 ‘do
212 927 319 980 quasi
354 930 393 967 in
430 927 597 967 instanti.
676 924 801 966 Certe
847 925 1110 975 Mercurius,
1161 924 1191 964 fi
1244 923 1386 977 incipit

128 991 330 1042 regelari,
380 992 446 1031 vel
498 991 633 1030 rursus
681 989 826 1040 fundi,
880 999 1093 1030 momento
1125 996 1165 1027 et
1199 986 1308 1042 quasi
1343 988 1387 1027 in

132 1053 287 1093 instanti
319 1055 547 1104 contingere
583 1053 656 1091 hoc
689 1052 799 1092 solet.
868 1053 995 1093 Potest
1029 1051 1104 1092 hoc
1138 1051 1266 1092 oculis
1301 1062 1388 1090 cer-

127 1116 175 1155 ni
207 1125 247 1154 et
282 1117 372 1156 inde
404 1128 564 1166 quoque
597 1113 770 1162 colligi,
821 1116 928 1165 quod
980 1115 1209 1154 Mercurius
1259 1116 1386 1154 inter-

133 1179 232 1218 dum
267 1177 476 1216 celerrime
511 1176 644 1215 rursus
686 1174 895 1225 ascendat,
948 1176 1043 1216 licet
1099 1177 1180 1216 iam
1204 1207 1215 1227 ‚
1265 1178 1390 1217 etiam

137 1241 221 1293 post
269 1239 414 1280 saltum
438 1270 450 1291 ‚
498 1242 546 1281 ad
595 1238 820 1279 terminum
870 1228 948 1278 sere
989 1237 1193 1279 vltimum
1233 1239 1392 1281 descen-

135 1304 251 1344 derit.

271 1363 368 1406 Non
404 1367 554 1405 minori
590 1364 820 1407 difficultati
871 1364 1043 1407 obnoxia
1090 1369 1144 1410 est
1197 1367 1393 1409 determi-

132 1428 245 1470 natio
298 1431 461 1469 termini
511 1430 677 1471 alterius
728 1428 876 1469 scilicet
929 1429 1070 1481 puniti
1101 1431 1389 1484 congelationis

135 1492 349 1533 Mercurii.
415 1492 706 1543 Experimenta
742 1503 846 1531 noua
878 1490 1090 1534 innumera
1126 1496 1247 1545 sunt,
1294 1508 1396 1548 quae

138 1555 313 1594 adhunc
348 1554 513 1607 scopum
547 1553 811 1594 obtinendum
845 1555 968 1606 cepi,
1002 1556 1063 1601 sed
1097 1555 1282 1600 successus
1315 1559 1396 1612 spei

139 1627 179 1656 et
229 1628 329 1657 voto
382 1629 504 1666 meo,
551 1627 631 1656 non
685 1617 800 1669 plane
859 1618 1072 1670 respondit.
1172 1621 1284 1662 Nam
1317 1623 1398 1664 fere

141 1681 281 1720 omnia
314 1679 626 1720 Thermome'tra
649 1711 660 1730 ‚
712 1680 796 1721 siue
830 1680 970 1721 bulbus
1001 1683 1227 1738 sphaericus
1245 1716 1261 1737 ,‚
1315 1685 1399 1727 fiue

134 1743 415 1795 “cylindraceus
436 1775 448 1792 ,
492 1743 579 1783 siue
608 1743 771 1784 conicus
803 1743 926 1785 fuerit
947 1776 959 1796 ‚
1004 1748 1127 1788 ‘frasta
1161 1751 1250 1790 sunt
1273 1780 1285 1800 ‚
1343 1751 1400 1790 ita

138 1816 189 1848 'vt
223 1806 292 1846 vel
324 1807 440 1861 plane
469 1806 705 1848 diffiluerint
726 1839 738 1858 ‚
779 1807 845 1848 vel
877 1810 1001 1850 rimas
1033 1813 1190 1864 egerint
1221 1823 1260 1852 et
1285 1811 1399 1854 fiffu-

135 1882 205 1910 ”ras
225 1901 236 1918 ‚
270 1870 299 1909 fi
335 1871 480 1911 scilicet
513 1870 743 1913 Mercurius
774 1882 826 1911 ex
860 1881 950 1914 toto
980 1874 1024 1914 in
1063 1875 1182 1918 bulbo
1212 1886 1401 1919 contento

136 1934 373 1984 congel-itus
404 1944 500 1975 etat.
568 1935 684 1976 Vnde
718 1935 812 1975 haec
847 1936 989 1977 fractio
1041 1941 1206 1993 pendeat
1227 1973 1238 1993 ‚
1287 1940 1402 1982 facile

134 1997 335 2050 explicari
369 2011 445 2037 non
482 1999 613 2052 potest.
678 1998 902 2042 Coniuncta
940 1999 1036 2041 haec
1074 2004 1218 2046 fractio
1245 2004 1402 2059 semper

140 2060 252 2102 mihi
283 2059 487 2103 obseruata'
518 2063 571 2104 est
600 2075 698 2105 >cum
731 2064 890 2118 impetu
924 2064 1212 2121 descendendi,
1257 2068 1315 2108 ‘ita
1354 2077 1407 2109 vt

1262 2132 1401 2174 videa-
