1856 2653
298 171 945 220 METEOROLOGICARVM
983 176 1036 219 A.
1079 183 1216 228 1763.
1299 189 1383 230 395

283 289 550 331 Vehementia
607 300 628 336 3
684 297 723 329 et
775 303 815 339 4.
868 290 1028 331 fuerunt
1079 289 1181 328 inter
1216 287 1287 328 hos
1321 303 1388 343 per

133 353 282 406 septem
326 355 417 395 dics,
467 353 520 395 D.
558 356 602 390 6.
637 352 733 401 W3
768 355 805 393 d.
846 363 885 402 7.
923 353 1018 405 W3
1057 353 1097 392 d.
1135 357 1170 391 8.
1212 351 1308 398 Ἦ3
1346 363 1385 392 et

138 430 180 466 4.
214 417 354 465 d.15.
389 417 483 465 W3
521 416 558 456 d.
599 420 668 454 16.
706 417 802 466 W3
840 418 875 456 d.
914 428 984 465 27.
1024 416 1116 463 W3
1156 424 1195 459 et
1230 425 1269 464 4.

271 500 439 543 Serenus
472 501 548 542 fuit
583 500 720 540 nullus
752 501 832 541 dies
869 500 943 543 hoc
980 501 1122 540 mense.

271 586 460 628 Altitudo
492 598 612 640 aquae
648 585 811 639 pluuiae
844 602 898 629 z
920 596 941 635 5
979 585 1076 640 poll.
1117 597 1133 623 1
1176 586 1245 626 lin.

272 663 452 707 Nebulae
488 674 565 709 tres
594 666 632 705 d.
673 674 740 713 17.
781 678 848 720 24.
888 679 959 715 29.

282 743 375 784 Lux
427 744 595 785 borea1is
631 743 792 798 insignis
826 755 866 786 et
897 745 1095 800 completa
1129 744 1313 798 adparuit
1343 746 1382 787 d.

132 809 176 846 6.
212 807 316 850 inter
352 808 393 850 h,
427 812 456 849 6
490 819 532 850 et
565 820 604 858 7.
641 823 678 862 p.
715 821 770 850 m.

419 913 640 977 Menfis
705 916 762 976 N
767 916 1058 976 ouember.

279 1005 401 1047 Venti
435 1006 637 1049 flauerunt
668 1019 719 1048 ex
754 1007 880 1061 plagis
913 1006 1172 1061 sequentibus.

274 1068 343 1108 Ex
375 1070 578 1109 occidente
613 1082 683 1120 per
716 1069 797 1108 dies
834 1084 913 1120 143
945 1083 995 1110 ex
1020 1069 1286 1123 septentrione
1305 1083 1376 1125 per

124 1130 205 1170 dies
260 1141 315 1168 10
337 1161 349 1181 ,
398 1143 451 1170 ex
500 1131 654 1171 oriente
708 1143 779 1185 per
834 1143 872 1181 3.
927 1141 967 1179 et
1014 1143 1066 1172 ex
1107 1133 1270 1174 meridie
1304 1146 1375 1189 per

129 1205 168 1232 2.
204 1193 299 1233 dies.

274 1272 437 1315 Scilicet
475 1274 536 1315 W
574 1275 612 1314 d.
660 1288 698 1316 1.
745 1288 785 1324 3.
828 1288 870 1326 4.
913 1284 953 1323 5.
994 1279 1039 1316 6.
1080 1287 1153 1316 12.
1195 1288 1266 1325 13.
1306 1289 1375 1326 14.

127 1345 198 1384 15.
236 1348 307 1374 22.
349 1349 420 1385 23.
460 1350 530 1385 24.
567 1344 636 1378 28.
670 1349 742 1385 29.

274 1413 318 1457 N
352 1425 392 1454 et
425 1415 518 1456 ΝΟ
547 1424 588 1454 et
622 1414 750 1454 NW.
782 1415 822 1454 d.
857 1426 898 1462 7.
938 1420 976 1455 8.
1012 1427 1054 1463 9.
1095 1428 1167 1458 10.
1205 1422 1275 1459 Π.
1305 1420 1375 1458 16.

131 1489 199 1525 ¹9-
238 1488 304 1532 25.
345 1481 416 1518 26.
456 1488 527 1524 30.

271 1551 312 1591 Ο
353 1557 420 1592 18.
459 1562 528 1590 20.
566 1560 638 1600 27.
673 1550 700 1593 S
732 1553 770 1593 d.
811 1561 866 1601 17
901 1560 942 1592 et
977 1565 1048 1596 21.

274 1615 459 1655 Fuerunt
491 1615 594 1655 iuter
628 1614 702 1656 hos
732 1614 989 1657 vehementes
1022 1627 1102 1659 tres
1132 1618 1172 1660 d.
1212 1631 1249 1662 1.
1269 1619 1367 1670 We,

118 1686 160 1718 et
190 1691 232 1728 4.
268 1678 305 1718 d.
345 1689 383 1726 5.
419 1677 516 1728 W3
553 1689 593 1720 et
626 1693 669 1729 4.
703 1678 741 1720 d.
781 1689 850 1728 ις.
888 1680 1003 1731 W3.

270 1741 370 1783 Dies
402 1742 524 1783 sereni
558 1755 709 1785 nouem
742 1745 950 1786 numerari
991 1745 1161 1800 poss‘unt.
1217 1745 1274 1788 D.
1331 1759 1370 1788 t.

121 1816 160 1846 2.
199 1816 239 1854 3.
279 1811 322 1847 8.
353 1818 395 1855 9.
433 1817 504 1855 23.
540 1817 611 1856 25.
646 1814 718 1848 26.
756 1818 828 1858 27.

268 1869 459 1911 Altitudo
490 1882 610 1925 aquae
644 1871 806 1926 pluuiae
843 1885 862 1911 1
900 1871 999 1926 poll.
1039 1885 1094 1917 ιο
1128 1874 1199 1916 lin.

269 1933 442 1976 Halones
472 1935 578 1978 eirca
607 1934 750 1977 lunam
783 1936 820 1976 d.
856 1940 887 1975 6
919 1946 960 1978 et
998 1951 1067 1980 11.
1101 1939 1205 1982 inter
1237 1937 1278 1980 h.
1313 1949 1369 1980 xo

121 2004 161 2037 et
198 2007 267 2038 11.

709 2062 837 2106 Ddd
875 2075 900 2103 2
1278 2065 1374 2108 Lux
