1856 2653
470 199 557 238 288
769 192 1390 237 ADMIRANDO

467 319 627 362 quoque
676 306 949 359 congelatione
997 307 1216 346 differentia
1265 304 1432 358 cogitari
1482 309 1522 342 et
1554 300 1709 355 concipi

469 373 593 426 potest
614 402 625 422 ‚
658 381 696 409 et
730 372 852 411 debct.
952 370 1118 412 Metalla
1154 369 1339 424 pleraque
1364 401 1373 418 ‚
1407 367 1464 407 iti
1502 366 1631 405 calore
1663 376 1710 405 eo

470 438 597 486 magis
630 437 900 473 extenduntur
922 466 932 483 ,
972 447 1054 488 quo
1087 434 1194 474 calor
1232 435 1360 473 maior
1393 433 1446 472 cst
1467 460 1477 479 ,
1517 430 1640 469 donec
1671 428 1712 467 in

470 500 566 541 statu
600 497 807 538 fluiditatis
844 501 1043 538 summam
1095 499 1360 537 nanciscantur
1407 492 1678 534 extensionem
1703 520 1714 541 ‚

471 563 525 601 ita
558 573 717 613 quoque
737 591 748 611 ,
782 574 863 615 quo
898 562 1027 601 maius
1059 560 1112 599 cst
1146 560 1270 611 frigus
1290 590 1301 610 ‚
1331 560 1396 599 cui
1433 556 1592 597 metalla
1626 556 1716 595 sunt

470 623 646 677 exposita
669 655 680 675 ,
721 636 769 663 co
802 626 926 676 magis
957 635 1116 677 quoque
1146 623 1440 663 contrahuntur
1472 629 1513 659 et
1545 620 1716 660 conden-

469 687 616 728 santur,
708 687 795 727 lam
828 700 926 728 vcro
960 688 1000 726 in
1036 688 1217 726 mixtura
1252 688 1354 725 niuis
1387 696 1426 724 et
1459 685 1620 736 sp‘ritus
1653 682 1716 721 ni-

472 752 526 791 tri
562 748 680 789 modo
718 751 843 788 maius
865 781 875 799 ,
912 751 1031 789 modo
1066 750 1199 788 minus
1230 751 1356 800 frigus
1385 747 1458 786 effi»
1492 747 1616 799 potest
1637 776 1647 795 ‚
1681 751 1720 782 et

475 825 614 853 reuera
644 811 716 850 effe
751 812 859 852 solet.
932 814 1009 851 Fac
1042 813 1168 861 igitur
1202 813 1328 863 frigus
1361 811 1433 850 essf:
1469 810 1602 850 multo
1634 819 1722 847 ma-

475 877 537 916 ius
560 906 570 926 ‚
609 886 731 927 quam
764 876 810 914 ad
845 873 1161 924 congelationem
1193 876 1313 914 eriam
1348 873 1513 913 totalem
1548 871 1724 923 requiri-

477 947 546 979 tur
568 969 579 989 ,
611 938 808 977 eiusmodi
843 938 968 988 frigus
1003 937 1254 991 Mercurium
1289 950 1368 977 non
1400 935 1530 976 solum
1564 933 1723 985 gelabit,

479 1003 541 1043 sed
574 999 724 1041 excessu
762 1001 832 1040 suo
865 1012 1025 1052 quoque
1059 1001 1237 1049 gelatum
1290 1000 1545 1040 Mercurium
1599 999 1725 1046 magis

479 1062 726 1106 condent-abit
748 1093 759 1112 ,
795 1064 968 1114 adeoque
1001 1062 1194 1102 volumen
1242 1066 1410 1102 minuet.
1509 1059 1613 1100 Haec
1666 1067 1727 1097 ta-

481 1139 575 1170 men
631 1125 850 1165 differentia
882 1125 978 1163 adeo
1012 1125 1194 1162 notabilis
1227 1125 1269 1161 in
1303 1124 1625 1162 Thermometro
1655 1118 1729 1159 effe

480 1203 559 1232 non
594 1188 729 1241 potest.

636 1250 774 1292 Multo
806 1258 943 1289 autem
978 1248 1187 1290 notabilior
1218 1250 1434 1290 differentia
1468 1248 1556 1288 fieri
1590 1249 1699 1289 debet
1720 1276 1732 1299 ,

486 1313 516 1356 fi
552 1316 757 1364 contingat
779 1342 790 1362 ‚
824 1320 872 1351 vt
905 1323 993 1363 pars
1024 1313 1203 1364 superior
1236 1315 1420 1365 primum
1453 1312 1614 1364 incipiat
1635 1323 1731 1350 con-

487 1374 644 1430 gelati,
676 1377 729 1415 ita
762 1385 809 1416 vt
842 1373 966 1413 simul
999 1375 1143 1414 tubum
1184 1375 1415 1428 capillarcm
1456 1373 1733 1415 Thermome-

487 1441 542 1481 tri
576 1441 757 1481 obstruat.
823 1436 1009 1486 Contigit
1044 1436 1147 1475 mihi
1178 1439 1265 1488 bis,
1298 1451 1427 1490 quum
1460 1436 1734 1478 Thermorne-

489 1512 602 1545 trum
639 1502 749 1555 prius
782 1500 877 1539 niue
909 1498 1163 1551 sepeliuerim
1185 1530 1196 1549 ,
1247 1509 1286 1539 et
1319 1501 1456 1540 deinde
1503 1501 1544 1538 in
1594 1501 1733 1540 niuem

490 1568 606 1620 super
638 1564 806 1606 bulbum
841 1561 1151 1602 Thermometri
1184 1563 1370 1615 spiritum
1422 1562 1580 1603 acidum
1629 1563 1737 1603 infu-

493 1631 650 1680 derim,
703 1627 874 1678 contigit
927 1624 1033 1665 mihi
1083 1627 1247 1678 inquam
1277 1657 1289 1676 ,
1340 1636 1386 1666 vt
1438 1638 1524 1678 pars
1557 1627 1737 1679 superior

496 1695 613 1748 plane
646 1689 738 1733 effet
771 1689 897 1742 gelata
920 1720 931 1738 ,
979 1688 1164 1729 inferiore
1198 1690 1392 1728 maiorem
1429 1699 1584 1742 partem
1616 1689 1739 1730 fluida

496 1756 694 1796 existente.
778 1753 827 1794 In
875 1750 953 1801 ¹hoc
986 1753 1072 1791 casu
1095 1783 1105 1802 ,
1153 1753 1279 1804 igitur
1315 1753 1540 1793 Mercurius
1573 1755 1739 1805 profun-

498 1820 586 1860 dius
616 1848 627 1867 ‚
692 1826 732 1858 et
784 1816 919 1856 minus
972 1814 1165 1868 profunde
1218 1814 1607 1857 demendasneceffe
1656 1817 1739 1868 est,

501 1882 641 1937 prouti
674 1879 895 1931 congelatio
928 1879 969 1918 in
1017 1878 1114 1919 tubo
1161 1878 1338 1932 capillati
1390 1880 1542 1931 citius,
1592 1881 1741 1920 tardius

500 1945 711 1995 contingit.
794 1943 908 1992 Ergo
949 1954 1023 1994 pro
1054 1942 1203 1982 diuersa
1239 1945 1391 1984 ratione
1423 1941 1708 1995 congel-ascendi
1730 1974 1742 1996 ‚

502 2018 543 2051 et
572 2008 729 2051 diuerso
762 2006 910 2059 frigore
940 2018 1020 2047 non
1050 2006 1176 2061 potest
1205 2019 1285 2049 non
1326 2008 1480 2062 semper
1527 2006 1746 2049 differentia

1623 2081 1744 2125 quee-
